2860 3691
1283 309 1618 363 2-17-

270 415 349 537 ὲ..
381 440 538 481 ferente
564 438 927 493 (est-m.
954 437 1007 482 td
1037 437 1208 483 Lucienl
1234 440 1348 484 deor.
1376 439 1472 485 dial.
1501 441 1555 483 T.
1588 442 1625 483 Ῑ.
1657 456 1699 496 p.
1731 456 1829 496 227.
1867 449 1991 496 atque
2021 441 2219 494 insignem
2255 440 2391 480 locum
2417 440 2515 481 Pla-

366 512 488 553 tonis
516 512 560 552 in
586 510 813 565 Pmtnfflrn
842 511 1020 566 94511.
1051 510 1098 553 C.
1127 513 1240 568 οφ),
1278 513 1365 554 sive
1393 525 1516 563 eam,
1546 519 1595 554 ut
1621 511 1700 555 alii
1717 510 1917 562 tradunt,
1958 510 2013 552 ab
2047 510 2349 567 intelligentia,
2390 525 2515 566 quan

343 580 544 636 Μῆτιν
554 580 704 623 Graeci
731 588 916 637 vocant,
942 590 1082 625 netum
1107 596 1194 626 esse
1224 586 1381 639 navis,
1420 599 1603 628 summm
1630 600 1728 641 prae
1759 600 1803 627 se
1830 584 1909 625 fert
1935 585 2177 638 prudentiae
2215 592 2256 624 et
2294 585 2516 640 sapientiae

217 658 234 667 „-
255 636 340 724 1·ῗέ
309 657 328 679 ς
343 633 617 704 {lenem
651 668 747 697 m
775 656 829 697 m
856 655 979 710 mg,
1005 653 1215 712 πρόνοια,
1247 652 1481 714 φρόρηως,
1510 653 1645 711 βουλὴ
1678 655 1774 712 (cfr.
1802 656 1944 697 doctas
1972 656 2176 696 Eustathii
2213 657 2517 696 observationes

359 723 432 767 dd
459 722 512 767 n.
539 740 584 781 p.
616 725 705 779 84,
718 726 789 770 35.
800 728 936 783 ·.·q);
963 728 1190 782 eademque
1213 736 1403 770 conamus
1428 741 1615 784 semper,
1647 725 1780 770 fidelis
1818 734 1860 769 et
1899 725 2036 768 valida
2074 725 2198 778 (unde
2239 742 2389 767 nomen
2429 727 2516 767 eius

373 795 490 856 apud
514 795 741 840 Homerum
766 794 1024 853 Ἀτρυτώνη.
1077 800 1162 843 Od.
1181 798 1223 852 δ,
1249 800 1339 867 7⁶?
1335 806 1376 853 .)‚
1404 799 1577 842 consiliu
1601 799 1672 841 dat
1703 807 1745 841 et
1772 805 1989 855 praecepta
2018 797 2177 839 roboris
2205 806 2247 837 et
2265 798 2516 839 fortitudinis

377 867 498 925 plena
512 899 525 924 ,
566 869 767 926 simulque
794 868 938 920 efficit,
981 877 1056 922 ut,
1095 870 1246 924 quibus
1274 856 1386 910 favet
1400 899 1413 923 ‚
1448 878 1490 911 et
1524 871 1747 924 prudenter
1790 871 1996 926 cogitare',
2044 875 2084 910 et
2122 867 2225 915 bene
2264 867 2431 921 eloqui,
2476 875 2517 907 et

379 948 543 982 strenue
568 953 688 996 agere
713 940 894 995 possint3
940 954 1047 996 quae
1082 940 1261 994 denique
1298 940 1403 981 alios
1421 969 1434 992 ‚
1476 954 1656 994 quorum
1699 941 1807 980 salus
1854 944 1898 981 in
1938 938 2167 995 periculum
2215 939 2516 992 discrimenque

377 1017 548 1050 vocatur
562 1040 573 1061 ,
607 1023 654 1051 ex
687 1009 817 1053 oculis
843 1009 1058 1052 hominum
1085 1011 1231 1065 eripit,
1273 1010 1364 1051 aliis
1402 1019 1581 1051 mentem
1616 1011 1759 1051 turbat
1799 1012 2130 1066 intellectumque
2173 1012 2340 1051 omnino
2372 1009 2482 1052 tollit
2497 1039 2511 1060 ‚

378 1084 496 1122 cuius
523 1082 698 1123 monitis
717 1080 886 1137 'Ulysses
914 1079 985 1122 ille
1013 1080 1123 1136 apud
1152 1080 1379 1122 Homerum
1408 1095 1456 1121 ex
1487 1089 1549 1121 tot
1577 1081 1782 1136 tantisque
1807 1081 1998 1136 periculis
2028 1082 2236 1122 emersisse
2263 1080 2512 1136 perhibetur.

379 1153 555 1193 Mirifice
585 1153 806 1194 cohaerent
828 1149 1000 1207 Ἀθήνη
1016 1183 1029 1206 ,
1058 1166 1165 1208 quae
1182 1146 1377 1207 Πρόνοια
1404 1161 1593 1203 vocatur,
1624 1162 1664 1194 et
1685 1148 1956 1208 Προμηθεύς
1980 1152 2154 1206 (μῆτος,
2183 1152 2332 1205 μῆτις,
2361 1150 2510 1205 μῆδος,

378 1223 532 1277 μῆθος.
593 1225 680 1265 Csr.
699 1223 878 1280 Hesych.
901 1231 942 1265 et
958 1224 1099 1280 Etym.
1124 1225 1218 1277 M.),
1240 1224 1327 1265 sive
1355 1223 1649 1280 mythologiam
1669 1231 1837 1278 spectus,
1871 1224 1956 1263 sive
1978 1220 2284 1278 etymologiam.
2342 1222 2514 1264 Possum

381 1295 526 1350 longus
553 1309 641 1337 esse
669 1297 712 1336 in
740 1295 818 1336 hac
850 1295 1121 1351 disputatione
1151 1294 1371 1350 multisque
1398 1303 1585 1338 veterum
1612 1294 1714 1336 locis
1741 1309 1829 1334 rem
1859 1295 2062 1347 probare,
2092 1294 2162 1334 sed
2192 1293 2288 1334 nolo
2319 1307 2366 1335 ea
2395 1307 2513 1348 repe-

379 1376 466 1407 tere
483 1398 494 1417 ‚
523 1382 629 1422 quae
654 1368 876 1423 unicuique
904 1374 943 1407 et
973 1367 1142 1408 Homeri
1169 1374 1209 1408 et
1236 1368 1485 1422 tragicorum
1512 1375 1726 1422 poetarum
1757 1366 1877 1407 lectio
1904 1366 2057 1407 affatim
2083 1365 2329 1422 suppeditat-

489 1440 587 1480 Fuit
614 1439 786 1495 Delphis
819 1439 1017 1494 templum
1047 1441 1259 1481 Minervae
1285 1437 1598 1493 Προνοίας,
1640 1439 1706 1477 cui
1734 1437 1909 1477 Croesus
1927 1466 1939 1488 ‚
1972 1437 2183 1490 Lydorum
2211 1450 2279 1475 rex
2296 1465 2309 1487 ,
2350 1443 2512 1475 scutum

379 1524 547 1553 aureum
575 1510 780 1550 dedicavit
808 1511 1002 1562 (Pausan.
1029 1510 1198 1552 Phocic.
1227 1510 1347 1559 Vm,
1381 1511 1460 1561 4.);
1505 1523 1588 1563 quo
1617 1515 1773 1563 spectat
1797 1522 1939 1549 versus
1965 1508 2123 1561 antiqui
2151 1514 2293 1561 poetae
2330 1515 2513 1547 servatus

378 1596 400 1620 a
432 1581 590 1622 Iuliano
619 1589 720 1622 orat.
752 1582 827 1630 lv,
858 1596 899 1635 p.
938 1581 1030 1638 149.
1058 1582 1105 1622 B.
1141 1582 1240 1623 edit.
1272 1579 1493 1635 Spanhem.

824 1651 939 1691 ἵκετο
967 1649 1011 1699 ἐς
1040 1647 1188 1693 Πυθώ
1217 1651 1289 1691 καί
1320 1648 1363 1698 ἐς
1388 1649 1619 1702 γλαυκῶπα
1648 1651 1883 1704 Προνοίην.

378 1723 465 1761 Cfr.
500 1722 691 1763 Eustath.
723 1722 777 1762 ad
806 1722 929 1763 Hom.
965 1721 1015 1763 ll.
1043 1737 1084 1779 p.
1115 1721 1187 1776 83,
1217 1721 1286 1776 44.
1342 1721 1490 1763 Eidem
1517 1723 1728 1761 Minervae
1758 1720 1951 1779 Προνοίᾳ
1980 1722 2132 1764 Prasiis
2161 1724 2204 1762 in
2234 1722 2369 1763 Attica
2407 1729 2511 1761 tem-

380 1795 492 1848 plum
521 1794 703 1835 condidit
730 1794 959 1836 Diomedes.
989 1795 1158 1835 Bekkeri
1189 1793 1349 1834 Anecd.
1385 1809 1429 1847 p.
1462 1807 1572 1848 299,
1614 1793 1655 1833 6.
1717 1794 1793 1833 His
1835 1793 1940 1833 adde
1983 1793 2121 1832 locum
2167 1808 2188 1833 e
2226 1793 2513 1833 Demosthenis

378 1867 561 1906 oratione
599 1866 632 1905 1.
670 1866 713 1904 in
747 1864 960 1919 Aristogit.
997 1865 1061 1905 ed.
1096 1866 1232 1905 Reisk.
1268 1865 1318 1903 T.
1355 1865 1390 1903 1.
1427 1879 1467 1917 p.
1497 1863 1604 1918 780,
1640 1877 1699 1917 ¹7·
1756 1862 1842 1904 εἰσί
1866 1869 1958 1911 ταῖς
1991 1860 2138 1904 πόλεσι
2178 1860 2335 1910 πάσαις
2373 1861 2518 1916 βωμοὶ

378 1936 451 1976 καί
479 1932 560 1976 νεώ
591 1931 760 1975 πάντων
790 1936 873 1975 τῶν
909 1935 1036 1976 θεῶν.
1092 1934 1137 1975 ἐν
1180 1935 1228 1976 δὲ
1265 1932 1428 1982 τούτοις
1472 1934 1548 1975 καί
1589 1935 1810 1986 Προνοίας
1842 1935 2065 1988 Ἀθηνᾶς,
2112 1934 2171 1981 ὦς
2212 1933 2398 1988 μεγάλης
2441 1932 2516 1973 καί

379 2006 543 2060 α’γαθῆς
570 2006 677 2046 θεοῦ
694 2036 706 2057 ,
749 2007 822 2046 καί
846 2003 963 2060 παρὰ
996 2005 1056 2062 τῷ
1083 2003 1315 2047 Ἀπόλλωνι
1342 2004 1389 2046 ἐν
1422 2004 1608 2059 Δελφοῖς
1636 2001 1853 2052 κάλλιστος
1894 2005 1968 2045 καί
2002 2006 2198 2057 μέγιστος
2233 2002 2337 2053 νειὸς
2379 2001 2513 2054 εὐθὺς

378 2071 551 2118 εἰσιόντι
579 2074 641 2123 εἷς
676 2072 722 2116 τὸ
770 2073 900 2131 ἱερόν.
972 2077 1116 2133 ltaque
1154 2078 1340 2118 Minerva
1381 2091 1498 2132 saepe
1545 2077 1693 2118 dicitur
1740 2080 1887 2118 acriter
1932 2086 1973 2118 et
2016 2086 2133 2117 acute
2180 2078 2342 2128 videre,
2393 2092 2510 2131 saepe

378 2149 516 2190 videre
544 2148 694 2190 dicitur
725 2150 814 2190 κατ’
843 2145 1019 2202 ἒξοχήν,
1049 2159 1246 2205 tanquam
1280 2151 1534 2191 acutissimae
1562 2151 1708 2190 mentis
1741 2151 1906 2204 species.
1966 2149 2238 2189 Declarantur
2276 2150 2375 2189 haec
2414 2149 2510 2188 reli-

379 2220 578 2276 gionibus.
634 2220 740 2263 Nam
760 2221 929 2275 Amphi,
960 2222 1001 2262 in
1030 2223 1232 2262 Laconica
1261 2224 1458 2277 templum
1488 2225 1566 2263 suit
1585 2224 1796 2263 Minervae
1823 2221 2199 2277 Ὀφθαλμίτιδ
2213 2236 2245 2275 ι,
2277 2236 2300 2262 a
2325 2223 2511 2277 Lycurgo

379 2291 589 2333 conditum
624 2292 815 2345 (Pausan.
854 2293 1007 2333 Lacon.
1052 2292 1224 2345 xvul,
1261 2296 1344 2347 1.),
1373 2307 1479 2347 quae
1501 2294 1641 2333 eadem
1661 2292 1977 2341 Ὀπτίλετις
2003 2294 2256 2343 vocabatur,
2287 2302 2389 2333 teste
2411 2294 2512 2335 Plu-

377 2364 520 2404 tarcho
557 2365 738 2420 Lycurg.
780 2380 818 2404 c.
860 2379 929 2413 11,
970 2367 1041 2419 qui
1079 2366 1223 2415 docet,
1272 2364 1411 2404 oculos
1450 2379 1475 2404 a
1515 2366 1698 2406 Doribus
1745 2363 1942 2413 ὄπτίλους
1976 2366 2209 2405 nominatos
2247 2379 2348 2405 esse.
2419 2365 2506 2404 Cfr.

378 2435 559 2477 Pausan.
590 2434 619 2473 l.
646 2435 675 2474 1.
735 2437 842 2476 Item
873 2437 916 2477 in
946 2450 1039 2476 arce
1067 2437 1318 2490 Argivorum
1347 2436 1545 2491 templum
1576 2437 1654 2476 fuit
1680 2437 1891 2477 Minervae
1914 2430 2305 2489 Ὀξυδερκοῦς,
2346 2451 2370 2476 a
2410 2437 2510 2477 Dio·

377 2505 496 2545 mede
523 2505 717 2548 dicatum.
777 2507 954 2551 Pausan.
984 2507 1170 2551 Corinth.
1205 2508 1370 2559 XX1V,
1402 2522 1439 2550 2.
1492 2508 1653 2559 Quibus
1692 2508 1866 2562 adiunge
1906 2507 2197 2562 Olympiodori
2235 2508 2385 2547 scholia
2428 2522 2506 2547 ms.

378 2577 530 2617 inedita
574 2580 617 2618 in
659 2580 784 2632 Gorg.
818 2578 979 2619 Platon.
1011 2594 1047 2619 c.
1078 2578 1141 2630 4ο.
1173 2575 1402 2632 ἱστορεῖται
1432 2574 1536 2630 γάρ,
1567 2574 1633 2618 ὅτι
1657 2578 1938 2626 Πτιλλιάς
1962 2576 2151 2631 Ἀθηνᾶς
2179 2575 2294 2631 ἱερὸν
2322 2575 2506 2630 ἐποίησε.

380 2649 578 2695 πτιλλους
606 2648 653 2687 δὲ
683 2646 862 2691 ἐκάλουν
896 2647 997 2699 τοὺς
1027 2646 1292 2704 ὀφθαλμούς.
1365 2651 1569 2691 Videntur
1612 2648 1672 2688 illi
1714 2650 1900 2700 πτίλλοι,
1939 2651 2009 2703 qui
2047 2651 2168 2688 etiam
2204 2647 2316 2687 ἴλλοι
2348 2663 2511 2689 nuncu·

380 2726 529 2770 pantur
558 2717 757 2772 (Hesych.
788 2733 829 2764 v.
861 2716 1081 2760 ἶλλώπτειν
1093 2749 1110 2768 ,
1151 2720 1290 2776 ibique
1319 2719 1598 2761 Hemsterhus.
1631 2719 1812 2776 obserV.)
1831 2750 1842 2769 ‚
1889 2720 2180 2774 posterioribus
2206 2721 2472 2774 scriptoribus
2496 2751 2509 2772 ‚

380 2788 547 2831 medicis
575 2789 830 2843 potissimum
848 2821 859 2838 ‚
901 2792 1148 2846 singularem
1178 2792 1383 2846 quandam
1414 2792 1626 2833 oculorum
1656 2793 1831 2845 speciem
1872 2792 2118 2845 declarasse3
2169 2806 2267 2831 nam
2308 2788 2510 2839 πτιλώσις

381 2859 572 2901 morbum
599 2860 793 2913 significat
830 2861 1070 2914 oculorum,
1116 2877 1291 2917 quorum
1325 2861 1539 2917 palpebrae
1570 2864 1752 2904 tumidae
1790 2873 1829 2905 et
1869 2865 2141 2905 inflammatae
2178 2866 2506 2920 conspiciuntur,

378 2930 668 2989 palpebrarum
695 2933 874 2973 crinibus
902 2935 1116 2976 absumtis.
1176 2935 1276 2975 Inde
1303 2931 1499 2975 ι’λλώπειν
1524 2935 1726 2991 Hoeychio
1758 2945 1817 2977 est
1846 2934 2091 2988 καταμύειν.

497 3006 614 3057 Quae
642 3020 737 3046 cum
766 3007 820 3047 ita
849 3007 927 3048 sint
945 3037 955 3055 ‚
1003 3022 1135 3064 neque
1164 3008 1284 3049 debet
1314 3008 1496 3048 Minerva
1535 3022 1628 3048 cum
1664 3011 1799 3050 Marte
1838 3009 2058 3058 confundi,
2092 3011 2124 3049 si
2154 3011 2203 3049 de
2230 3009 2336 3050 bello
2375 3024 2508 3050 sermo

2018 3073 2043 3114 3
