2860 3691
1289 266 1625 321 -18„.

384 393 467 440 est,
499 400 637 445 neque
660 402 758 432 cum
784 391 999 442 Vulcano,
1031 394 1067 435 si
1098 405 1169 436 eae
1197 399 1306 436 artes
1338 354 1741 447 commorantur,
1770 405 1880 454 qn„
1895 389 2006 475 Ἢ
2023 405 2123 458 m
2128 388 2375 460 culm&
2383 386 2592 452 Qqui-

382 457 479 502 dem
511 460 554 501 in
579 460 691 503 bello
721 470 763 504 et
790 464 1008 518 prudentia
1037 472 1080 508 et
1104 466 1304 507 fortitudo
1334 464 1566 521 iungenda
1588 473 1727 520 ωε,
1756 458 1961 522 prio-{1
1985 461 2278 527 5334]qu
2293 456 2599 551 musena-“-

380 531 459 579 dae
484 540 581 573 sunt
599 533 653 573 ad
673 533 875 589 galeatam
898 538 1131 580 Minervam
1139 567 1158 590 ,
1189 552 1296 594 quae
1319 552 1405 581 non
1422 551 1629 596 gmgnnoe
1653 535 1842 594 nunu,
2237 584 2263 591 ,.
2478 587 2484 591 ,
2536 588 2542 592 ,

378 605 511 661 regit3
541 605 708 647 alterius
733 615 878 650 contra
910 617 1046 665 partes
1066 610 1192 652 Marti
1212 611 1436 654 caedibus*
1425 612 1573 670 insign!
1593 609 1827 660 tribum

1390 823 1520 867 eladae
1537 818 1718 879 Ἀχαισι

694 888 826 938 ”lam
855 892 960 938 alut>
992 896 1161 952 ἕλοιεν,
1191 896 1419 953 Ἀθηναίης
1446 894 1521 942 διὰ
1547 894 1720 951 βουλάς.

379 971 419 1002 et
449 962 602 1004 ibidem
631 977 667 1015 ν,
701 964 798 1019 569.

1388 1037 1496 1083 ἔνθα
1526 1039 1721 1093 μάλιστα

699 1106 826 1162 γίνετ’
842 1103 979 1165 ’Ἀρης
1007 1105 1220 1164 ἀλεγεινὸς
1248 1111 1457 1167 σ”ιζυροῖσι
1475 1113 1707 1165 βροτοῖσιν.

374 1178 460 1222 Cfr.
481 1179 530 1222 ll.
552 1178 601 1231 δ,
632 1179 731 1235 459.
751 1194 794 1232 ε,
826 1181 891 1222 3ι.
959 1181 1117 1222 Eodem
1145 1181 1270 1223 modo
1298 1183 1526 1224 iudicamus
1554 1183 1605 1223 de
1635 1184 1821 1222 Minerva
1850 1188 1890 1221 et
1913 1179 2103 1223 Vulcano
2123 1209 2135 1232 ,
2163 1193 2339 1236 quorum
2365 1179 2432 1221 hie
2462 1172 2522 1219 es't

373 1264 536 1305 praeses
553 1266 695 1294 earum
723 1254 887 1303 artium,
917 1268 1023 1308 quae
1054 1254 1107 1295 ad
1135 1256 1270 1309 ignem
1300 1256 1528 1310 pertinent,
1562 1255 1604 1294 in
1630 1254 1760 1307 iisque
1779 1251 1960 1293 colendis
1981 1252 2067 1306 ipse
2086 1252 2267 1301 mirabili
2285 1252 2521 1292 dexteritate

376 1322 535 1363 excellit
552 1353 564 1374 ‚
611 1323 680 1363 illa
712 1330 850 1364 autem
878 1331 967 1365 tum
995 1325 1144 1366 harum
1183 1328 1338 1368 artium
1381 1334 1471 1368 tum
1501 1325 1752 1380 reliquarum
1781 1323 2014 1365 facultatem
2043 1322 2189 1364 tribuit
2215 1329 2256 1363 et
2283 1322 2488 1363 scientiam
2506 1353 2516 1369 ‚

373 1407 470 1435 cum
510 1396 564 1435 sit
594 1396 728 1436 omnis
771 1395 1063 1451 intelligentiae
1096 1397 1189 1438 fons
1225 1405 1266 1439 et
1295 1400 1425 1453 origo.
1482 1398 1591 1443 Uno,
1611 1396 1783 1439 verbulo
1810 1398 2058 1438 mentionem
2087 1395 2280 1436 faciamus
2306 1393 2522 1450 singularis

374 1472 414 1505 et
444 1466 639 1506 mirificae
667 1466 861 1521 originis,
892 1482 999 1523 quae
1028 1469 1195 1524 utrique
1226 1471 1282 1509 ita
1314 1469 1513 1523 contigit,
1546 1474 1594 1508 ut
1621 1468 1808 1511 Minerva
1835 1468 1889 1509 ab
1933 1468 2019 1523 ipso
2050 1467 2149 1508 love
2187 1466 2300 1507 nulla
2339 1465 2521 1506 adhibita

371 1535 543 1576 muliere
571 1545 770 1593 prognata
798 1540 875 1591 sit,
905 1539 1116 1580 Vulcanus
1145 1555 1190 1581 ex
1221 1542 1379 1582 lunone
1406 1541 1493 1582 sola
1519 1542 1607 1582 sine
1648 1539 1734 1581 ullo
1775 1541 1866 1582 viro
1910 1541 2070 1596 genitus
2113 1551 2197 1590 esse
2238 1536 2517 1592 perhibeatur.

373 1607 462 1648 Etsi
495 1611 535 1648 in
576 1610 767 1651 omnibus
805 1611 963 1652 artibus
991 1612 1172 1653 colendis
1201 1616 1352 1667 pariter
1380 1621 1568 1655 versatur
1596 1614 1783 1654 Minerva
1800 1644 1812 1667 ,
1855 1615 2027 1654 mirifice
2054 1620 2191 1653 tamen
2220 1611 2408 1654 aetherea
2435 1613 2520 1650 sive

369 1678 486 1731 ignea
526 1688 674 1721 natura
710 1696 760 1721 eo
806 1683 1036 1734 indicatur,
1077 1685 1188 1737 quod
1216 1685 1406 1725 Vulcano
1437 1687 1685 1726 matrimonii
1716 1686 1882 1726 vinculo
1913 1683 2216 1741 adiungitur-,⁴0
2272 1684 2436 1723 Etenim
2477 1684 2518 1721 in

370 1750 660 1803 antiquissimis
698 1754 949 1793 Graecorum
990 1755 1141 1794 fabulis
1185 1756 1291 1795 inter
1336 1756 1525 1796 mulieres
1563 1757 1733 1796 deornm
1768 1764 1891 1810 atque
1935 1759 2103 1795 maritos
2142 1758 2249 1808 ipsos
2288 1756 2392 1791 mira
2432 1754 2517 1806 ple-

371 1835 546 1874 rumque
575 1830 635 1862 est
676 1825 901 1864 similitudo
941 1832 982 1864 et
1026 1826 1204 1865 eiusdem
1247 1834 1415 1866 naturae
1459 1828 1721 1874 coniunctio,
1765 1827 1883 1865 sicuti
1930 1829 1972 1865 in
2018 1827 2117 1865 Iove
2159 1831 2200 1864 et
2239 1822 2427 1875 Iunone,
2474 1824 2514 1862 in

370 1891 567 1946 Neptuno
606 1902 647 1933 et
683 1895 960 1949 Amphitrite,
1008 1896 1194 1936 Vulcano
1225 1904 1266 1937 et
1305 1897 1453 1937 Cabira
1484 1893 1727 1950 (Κάβειρα,
1757 1894 2004 1950 ΚάΡειρα,
2043 1892 2218 1949 κάειρᾳ,
2257 1892 2425 1945 κάειν),
2464 1895 2515 1934 de

370 1978 452 2019 qua
482 1979 525 2004 re
545 1964 787 2007 Welckerus
818 1967 938 2007 docte
959 1968 1182 2021 disputavit
1214 1969 1255 2008 in
1285 1970 1446 2023 egregio
1473 1968 1604 2019 libro,
1634 1969 1712 2008 Die
1732 1968 2008 2023 aeschylische
2026 1967 2208 2020 Trilogie
2228 1966 2512 2006 Prometheus.

367 2050 408 2090 p.
438 2036 528 2077 165.
556 2043 595 2076 et
625 2050 716 2092 ²09·
744 2052 806 2093 sq.
839 2038 921 2083 Cfr.
952 2038 1089 2080 Strab.
1121 2041 1176 2084 X,
1206 2055 1243 2094 p.
1274 2039 1369 2095 274.
1430 2040 1489 2080 At
1521 2054 1619 2080 vero
1647 2053 1699 2080 ne
1730 2040 1955 2093 pugnantia
1984 2037 2144 2078 tradere
2174 2037 2340 2086 videar,
2372 2036 2513 2077 admo-

365 2108 548 2147 nendum
576 2115 637 2147 est
654 2138 665 2157 ,
698 2108 809 2147 illam
839 2123 925 2149 rem
944 2141 954 2158 ‚
989 2125 1095 2164 quae
1121 2112 1332 2151 Minervae
1361 2125 1456 2151 cum
1476 2109 1666 2151 Vulcano
1696 2109 1817 2150 fuisse
1847 2111 1889 2150 in
1920 2108 2129 2150 nonnullis
2156 2108 2304 2148 fabulis
2332 2122 2510 2149 comme-

365 2187 578 2230 moratur,
623 2181 789 2232 proprie
833 2183 1141 2221 matrimonium
1183 2179 1381 2235 appellari
1418 2195 1500 2221 non
1546 2195 1691 2236 posse,
1737 2181 1807 2221 sed
1851 2179 1954 2221 nihil
1994 2181 2069 2220 nisi
2098 2178 2273 2220 Vulcani
2318 2187 2510 2220 conatum

368 2251 638 2302 impudicum,
671 2252 780 2290 unde
797 2252 1114 2291 Erichthonium
1136 2260 1320 2291 exortum
1349 2259 1543 2303 narrant,
1573 2252 1688 2292 cuius
1717 2251 1758 2290 in
1786 2250 1914 2290 tutela
1935 2250 2118 2290 Athenas
2140 2250 2260 2290 fuisse
2291 2250 2511 2290 voluerunt

366 2320 557 2373 antiquae
582 2321 786 2361 historiae.
858 2321 940 2364 Cfr.
975 2322 1153 2361 Pausan.
1184 2322 1332 2361 Lacon.
1360 2321 1517 2371 XVIII,
1542 2336 1581 2376 7.
1637 2321 1776 2362 Schol.
1810 2322 1862 2361 ad
1895 2322 2017 2361 Hom.
2057 2320 2107 2360 ll.
2138 2321 2191 2372 β,
2220 2321 2315 2373 547.
2373 2322 2509 2371 Quam

361 2398 490 2429 totam
520 2393 797 2430 narrationem
826 2405 849 2430 a
880 2391 1018 2430 multis
1046 2399 1231 2430 veterum
1263 2391 1579 2445 mythographis
1607 2392 1801 2431 traditam
1829 2391 1884 2430 ab
1912 2390 2076 2445 illepida
2097 2391 2344 2445 etymologia
2363 2404 2507 2444 parum

361 2461 567 2514 ingeniose
597 2462 766 2513 petitam
806 2474 916 2510 esse,
962 2468 1071 2501 recte
1115 2461 1311 2500 iudicavit
1347 2462 1529 2515 Hcynius
1571 2464 1625 2513 (in
1656 2465 1757 2503 Obs.
1785 2465 1837 2503 ad
1867 2463 2061 2517 Apollod.
2093 2478 2134 2515 p.
2171 2461 2265 2502 328.
2295 2476 2356 2515 sq.
2417 2461 2504 2502 Cfr.

361 2530 572 2570 Eratosth.
602 2531 755 2571 Catast.
792 2546 830 2571 c.
872 2533 933 2571 13.
992 2531 1188 2572 Philostr.
1224 2532 1349 2585 lulag.
1381 2532 1432 2571 11.
1464 2547 1502 2574 c.
1532 2536 1612 2586 27.)
1632 2563 1643 2585 ‚
1689 2534 1729 2572 id
1760 2548 1857 2573 vero
1887 2533 2107 2573 tenendum
2138 2545 2249 2579 esse,
2291 2530 2393 2569 nihil
2428 2532 2504 2569 nisi

407 2646 438 2689 ⁴¹)
455 2646 585 2679 Poetae
606 2645 770 2691 quidem,
787 2657 870 2679 cum
887 2655 960 2680 non
977 2656 1122 2691 semper
1138 2645 1346 2679 fabularum
1365 2645 1507 2681 fontem
1523 2647 1798 2681 accuratissime
1814 2645 2062 2685 observarent,
2081 2644 2222 2690 singula
2237 2653 2502 2688 nonnunquam

503 2709 736 2744 confundunt
753 2708 912 2743 maxime
931 2711 971 2743 in
998 2710 1105 2743 rebus
1125 2710 1355 2755 cognationis
1371 2709 1561 2742 cuiusdam
1577 2709 1724 2743 vinculo
1740 2709 1922 2744 artissime
1938 2709 2155 2750 coniuncti„
2171 2707 2285 2742 veluti
2300 2708 2429 2751 ibycus
2445 2715 2501 2739 re·

502 2771 743 2815 sertHerculi,
759 2772 927 2808 laborum
944 2775 1129 2808 aerumnis
1145 2774 1360 2819 defatigato,
1375 2773 1507 2807 balnea
1521 2774 1639 2807 calida
1656 2775 1826 2809 instituta
1842 2784 1920 2808 ene
1933 2774 2134 2815 aVulcan03
2150 2772 2397 2806 “Minervam
2411 2769 2502 2803 fler·

501 2836 579 2871 culi
591 2834 661 2871 hoc
675 2846 825 2872 munere
851 2838 1090 2885 gratificatam
1107 2849 1187 2874 ease
1204 2835 1375 2873 pisander
1391 2836 1503 2873 tradit
1522 2836 1620 2885 apud
1642 2835 1755 2873 schol.
1771 2837 1818 2873 ad
1833 2836 2019 2887 aristoph.
2036 2836 2133 2873 Nub.
2153 2835 2254 2880 ¹⁰47·
2271 2834 2329 2869 his
2345 2832 2479 2876 verb1³=

693 2903 746 2947 τῷ
772 2900 808 2934 δ’
830 2901 1043 2947 (Ηρακλεῑ)
1071 2902 1112 2935 ἐν
1140 2902 1409 2947 Θερμοπύλῃσι
1436 2898 1507 2935 θεά
1540 2900 1765 2946 γλαυκῶπις
1790 2898 1929 2944 Ἀθήνη

682 2968 795 2998 ποιεῖ
820 2957 949 3010 θερμαὶ
978 2957 1116 3011 λοετρὰ
1145 2958 1252 3012 παρὰ
1283 2964 1443 3011 ῥηγμῖνι
1471 2963 1680 3007 θαλάσσης.
