2860 3691
591 866 609 939 J
662 844 664 846 -
685 843 724 933 ,
776 856 1071 933 mythologiam
1100 879 1436 935 mmmm,
1461 882 1529 930 et,
1553 886 1827 931 quaeeunque
1854 875 1907 917 de
1944 876 2074 921 rebus
2090 889 2234 917 eorum
2262 878 2462 932 antiquis-

630 971 648 984 ι
699 948 943 1009 emptorum
980 947 1223 1000 testimoniis
1262 946 1509 989 memoriae
1527 945 1688 991 tradita
1709 953 1806 988 sunt
1819 976 1833 1000 ‚
1848 947 2108 990 accuratius
2145 948 2464 1003 investigarunt,

159 1007 167 1016 .
229 989 252 1015 -,
272 1011 274 1013 ,
217 980 536 1084 3513th
536 1019 751 1077 ducunt,
769 1020 966 1083 dmm,
997 1026 1232 1075 poetarum
1259 1018 1461 1071 hemum,
1487 1024 1629 1059 vatum
1657 1025 1698 1060 et
1726 1017 1902 1064 aliorum
1929 1018 2107 1074 denique
2138 1020 2336 1060 virorum·
2347 1034 2466 1075 prae-

290 1080 521 1160 fetantium
563 1099 752 1141 naturam
781 1106 927 1148 resque
957 1098 1088 1147 gestas
1124 1091 1308 1133 conditas
1342 1098 1396 1132 et
1407 1089 1673 1145 amplificatas
1700 1099 1788 1132 esse
1815 1105 1841 1132 a
1869 1093 2024 1147 poetis,
2075 1092 2174 1146 qui,
2218 1104 2314 1131 cum
2353 1093 2468 1133 omni

325 1156 465 1207 rerum
491 1165 727 1206 divinarum
754 1172 797 1219 et
823 1164 1096 1219 humanarum
1110 1164 1279 1204 scientia
1305 1162 1502 1204 divinitus
1528 1159 1657 1202 inflati
1674 1175 1759 1203 esse
1782 1146 2035 1213 viderentur,
2067 1169 2136 1215 et,
2169 1169 2216 1203 ut
2246 1164 2290 1203 in
2306 1176 2468 1207 summo

326 1237 496 1278 numine
528 1236 743 1276 subsistam
756 1266 769 1286 ,
795 1235 1010 1275 hominum
1037 1234 1244 1275 mentibus
1269 1232 1509 1288 inlbrmatas
1535 1233 1705 1274 deorum
1722 1235 1907 1275 notiones
1927 1248 2014 1275 esse
2042 1235 2218 1287 scirent,
2248 1235 2292 1276 in
2323 1248 2468 1276 eorum

326 1309 369 1347 vi
397 1306 625 1361 effingenda
653 1314 694 1345 et
723 1308 888 1346 notione
920 1305 1164 1345 declaranda
1206 1318 1256 1345 eo
1285 1304 1716 1346 enucleatiusxersati
1748 1311 1843 1345 sunt
1859 1334 1872 1357 ,
1897 1319 2002 1359 :quo
2019 1306 2171 1345 ¹artiori
2212 1304 2395 1348 vinculo,
2420 1307 2466 1346 in

327 1380 413 1421 istis
449 1377 683 1433 regionibus
713 1377 1003 1418 iucundissima
1030 1377 1132 1417 coeli
1164 1376 1456 1431 temperatione
1472 1406 1485 1429 ‚
1518 1377 1728 1418 uberrima
1756 1377 2006 1419 fecunditate
2016 1377 2272 1432 aliarumque
2286 1391 2467 1418 commo-

326 1451 500 1491 ditatum
527 1450 801 1505 complurium
828 1450 943 1505 copia
969 1460 1069 1489 ,cum
1100 1450 1188 1504 ipsa
1218 1455 1366 1488 natura
1396 1450 1603 1495 coniuncti
1644 1455 1760 1491 erant
1803 1449 1976 1505 ideoque
2003 1451 2212 1491 variarum
2242 1450 2466 1506 imaginum

327 1524 577 1563 ornamentis
614 1523 727 1562 fictas
758 1529 798 1561 et
824 1522 1124 1560 commenticias
1156 1520 1317 1560 fabulas
1353 1521 1413 1560 ita
1440 1521 1778 1562 commendarunt
1797 1550 1810 1573 ‚
1853 1528 1900 1562 ut
1929 1522 2149 1575 profanum
2175 1529 2217 1563 et
2253 1521 2468 1563 indoctum

326 1593 474 1648 vulgus
500 1606 640 1633 omnes
666 1594 923 1632 narrationes
950 1598 1164 1645 poetarum
1192 1603 1310 1631 veras
1336 1603 1422 1630 esse
1451 1592 1528 1631 sibi
1555 1592 1830 1646 persuaderet.
1889 1592 2033 1646 Itaque
2061 1593 2096 1633 si
2123 1595 2165 1632 in
2186 1593 2466 1647 antiquissima

326 1665 578 1705 Graecorum
606 1663 776 1705 historia
801 1662 1040 1704 excellentes
1070 1664 1181 1703 viros
1210 1664 1521 1703 commemorari
1534 1661 1705 1717 legimus
1719 1692 1732 1714 ,
1769 1665 1861 1717 quis
1888 1662 2058 1717 diligens
2094 1664 2345 1717 antiquitatis
2372 1679 2467 1718 per-

328 1741 532 1776 scrutator
558 1748 701 1774 eorum
729 1733 963 1786 nominibus
977 1764 999 1786 ,ἱ
1019 1747 1124 1788 quae
1166 1733 1331 1788 propria
1375 1732 1620 1789 plerumque
1646 1741 1936 1788 nuncupantur
1954 1764 1966 1786 ‚
2010 1748 2100 1774 eam
2129 1734 2468 1788 significationem

326 1806 492 1847 subesse
526 1805 795 1846 arbitrabitur
808 1835 823 1853 ‚
854 1812 901 1844 ut
928 1806 970 1843 in
1000 1804 1168 1859 singulis
1185 1804 1421 1845 nominibus
1440 1803 1625 1858 singulae
1643 1817 1841 1858 personae
1853 1804 2091 1859 cogitandae
2112 1819 2199 1846 esse
2221 1804 2469 1846 videantur?

328 1894 419 1920 eam
445 1885 589 1919 contra
616 1879 855 1918 sententiam
870 1906 883 1926 ‚
913 1876 1189 1933 qua'deorum
1207 1906 1219 1929 ,
1247 1876 1420 1916 heroum
1438 1904 1450 1925 ,
1479 1882 1691 1929 poetarum
1710 1874 1971 1929 aliorumque.
1992 1882 2183 1916 naturam
2218 1884 2259 1917 et
2292 1891 2465 1919 munera

328 1950 562 1991 nominibus
592 1949 672 1989 illis
703 1948 874 1989 indicari
902 1947 1165 1987 confirmatur
1179 1977 1193 2000 ,
1224 1948 1317 2001 quis
1343 1960 1428 1986 non
1456 1946 1713 1986 confitebitur
1740 1945 1996 2001 probabilem
2028 1961 2114 1988 esse
2139 1955 2180 1988 et
2207 1949 2266 1989 rei
2294 1963 2462 2004 prorsus

327 2022 710 2063 accommodatam?
736 2021 881 2077 Nullus
906 2022 1015 2060 enim
1040 2027 1180 2061 nostra
1207 2026 1338 2061 aetate
1364 2020 1500 2059 virum
1517 2017 1764 2073 singularem
1792 2017 2018 2060 illustribus
2046 2018 2148 2070 illis,
2180 2033 2280 2075 quas
2310 2020 2352 2061 in
2370 2034 2464 2062 ear-

328 2095 508 2134 minibus
537 2099 677 2146 poetae
706 2092 990 2141 celebrarunt,
1022 2090 1211 2130 laudibus
1240 2090 1466 2142 insignem,
1497 2089 1740 2142 Orpheum,
1770 2090 1917 2131 vixisse
1937 2091 2172 2145 contendat,
2203 2106 2325 2147 quem
2340 2094 2462 2134 etiam

329 2164 570 2204 Aristoteles
588 2192 600 2214 ,
632 2165 697 2203 vir
724 2176 882 2203 summa
908 2162 1110 2211 doctrina,
1138 2173 1350 2213 nunquam
1378 2159 1501 2200 fuisse
1528 2160 1684 2201 docuit.
1743 2162 1887 2213 Quid?
1910 2163 2058 2204 Nonne
2086 2178 2133 2204 ex
2146 2165 2286 2205 eadem
2304 2168 2464 2219 opinio·

328 2248 381 2276 ne
423 2234 726 2289 antiquissimae
751 2233 944 2274 historiae
969 2231 1078 2273 clara
1105 2232 1271 2273 nomina
1299 2230 1497 2284 Daedali,
1540 2232 1757 2287 Eumolpi,
1805 2234 1992 2287 Musaei,
2031 2237 2218 2288 Mantus,
2252 2237 2463 2293 Polyidis‚

330 2306 519 2349 Herculis
533 2338 546 2359 ,
573 2306 748 2347 aliorum
776 2304 994 2345 iudicanda
1023 2310 1117 2345 sunt
1131 2335 1144 2355 ,
1172 2304 1227 2344 ita
1253 2309 1301 2343 ut
1329 2302 1433 2343 facta
1458 2302 1521 2344 his
1548 2304 1645 2358 ipsis
1669 2304 1822 2345 tributa
1851 2305 1904 2345 ad
1932 2306 2109 2368 familias
2133 2316 2177 2349 et
2191 2316 2300 2359 totas
2327 2317 2465 2364 gentes

328 2385 510 2432 spectent
527 2406 539 2429 ‚
570 2391 673 2432 quae
701 2377 924 2431 principem
957 2375 1033 2416 sibi
1062 2382 1102 2415 et
1127 2374 1377 2415 conditorem
1406 2375 1586 2415 muneris
1613 2374 1826 2430 fingendo,
1873 2385 2016 2432 utpote
2042 2379 2214 2442 gloriam
2247 2382 2465 2421 maximam

329 2447 586 2495 affectantes,
621 2461 689 2487 eas
720 2448 891 2487 virtutes
918 2444 1173 2494 excolebant,
1220 2457 1393 2498 quarum
1426 2443 1566 2485 laudes
1592 2446 1636 2485 in
1679 2460 1722 2487 se
1748 2449 1853 2501 ipsas
1882 2447 2187 2488 redundarent?
2227 2450 2371 2502 Quid?
2400 2451 2465 2492 De

331 2520 512 2561 Homero
538 2521 724 2561 omnium
752 2526 990 2574 poetarum,
1036 2518 1106 2572 qui
1135 2531 1316 2572 unquam
1345 2517 1532 2563 vixerunt
1549 2546 1562 2568 ‚
1610 2517 1730 2574 longe
1757 2520 1941 2574 principe
1967 2522 2102 2560 nescio
2144 2534 2198 2561 an
2236 2522 2305 2574 id,
2351 2524 2463 2578 quod

330 2590 470 2630 multis
498 2591 627 2643 iisque
652 2590 895 2630 doctissimis
923 2590 1157 2647 hominibus
1184 2588 1336 2643 placuit
1353 2616 1365 2640 ‚
1395 2589 1506 2626 omni
1535 2600 1582 2626 ex
1614 2595 1732 2642 parte
1762 2590 2115 2645 comprobandum
2143 2593 2208 2637 sit.
2267 2592 2391 2646 Quod
2412 2594 2465 2636 de

329 2661 543 2702 hominum
574 2663 810 2702 nominibus
840 2663 1130 2717 antiquissimis
1156 2660 1293 2711 valet,
1331 2659 1372 2698 id
1404 2657 1455 2696 de
1482 2656 1654 2696 deorum
1683 2659 1917 2698 nominibus
1944 2674 1992 2699 eo
2020 2663 2172 2701 maiore
2203 2663 2292 2702 iure
2318 2676 2467 2704 conce-

331 2731 512 2776 dendum
538 2739 625 2783 est,
654 2732 791 2785 quod,
839 2748 935 2772 cum
960 2734 1099 2772 nativo
1129 2745 1241 2771 more
1268 2731 1434 2770 nomina
1463 2737 1634 2769 naturae
1665 2725 1837 2772 alicuius
1864 2735 2149 2774 convenientia
2175 2736 2433 2788 imponerent
2450 2766 2462 2787 ,

330 2802 438 2845 hanc
473 2804 805 2847 consuetudinem
831 2819 879 2844 eo
911 2806 1163 2845 constantius
1191 2804 1424 2843 observasse
1449 2801 1625 2841 Graecos
1651 2811 1967 2844 consentaneum
2011 2813 2095 2856 est,
2150 2820 2232 2859 quo
2261 2808 2387 2860 magis
2418 2810 2462 2846 in

330 2874 609 2928 antiquiorum
637 2889 900 2930 personarum
943 2873 1233 2928 significatione
1262 2872 1487 2913 definienda
1531 2874 1817 2916 versabantur.
1893 2876 2035 2931 ltaque
2080 2891 2172 2917 cum
2205 2877 2465 2919 Hermannus

2033 2956 2055 2995 1
