2860 3691
1295 225 1596 284 ...4.-

373 718 514 758 stathii
547 719 621 773 (ad
650 718 707 763 11.
738 722 782 774 p‘·
816 733 947 776 1279,
986 720 1403 775 17)‹‘>hoervatioue‚
1428 720 1718 776 qiu-docetur,
1745 712 2050 780 γλουιῦιιαι
2045 721 2192 767 omlis
2215 664 2666 777 mima-ninfff’f'

318 786 322 791 '
372 801 520 831 verum
548 792 673 831 etiam
700 790 839 832 olivae
866 798 910 831 et
936 790 1057 841 oleo,
1105 789 1299 833 videlicet
1326 799 1496 884 propter
1525 793 1852 851 pinguitudinem
1884 796 2019 871 atque
2046 784 2244 835 nitorem
2255 794 2344 836 nive
2373 785 2576 850 splen-'f'
2598 786 2684 850 »ᾗς--

374 860 541 912 dorem,
569 862 641 915 qui
669 861 767 902 inde
793 863 987 905 exoritur.
2494 893 2517 903 .<
2563 881 2567 885 -

536 931 584 972 ln
639 937 782 973 nostra
835 930 1123 989 disquisitione
1173 929 1254 975 hoc
1310 934 1496 988 inprimis
1541 934 1842 977 observandum
1898 949 1985 977 esse
2032 900 2246 989 arbitror,
2305 909 2517 977 notionum
2546 927 2549 931 ’
2600 929 2603 931 ’
2632 927 2640 937 ’

370 1003 535 1046 videndi
573 1010 617 1045 et
657 1003 930 1061 splendendi,
972 1020 1078 1062 quae
1110 1007 1154 1048 in
1197 1013 1334 1049 mente
1371 1007 1552 1050 bumana
1595 1008 1800 1049 artissimo
1840 1007 2021 1064 quodam
2060 1008 2314 1063 cognationis
2350 1005 2517 1050 vtmub
2678 1055 2694 1070 ἱ

369 1076 591 1118 cohaerent
608 1107 620 1129 ,
665 1085 713 1118 ut
758 1079 791 1118 si
847 1076 962 1118 illam
1009 1078 1219 1119 sustuleris
1236 1109 1247 1127 ,
1297 1079 1405 1119 hanc
1444 1094 1498 1121 ne
1538 1083 1715 1136 cogitare
1757 1081 1923 1136 quidem
1973 1081 2126 1135 pom-⁴1,
2182 1078 2294 1135 apud
2340 1079 2518 1118 Graecos
2655 1070 2703 1114 s*-

369 1162 457 1188 non
502 1149 748 1204 cogitatione
800 1148 934 1189 solum
952 1180 964 1199 ,
1020 1161 1163 1190 verum
1206 1149 1332 1191 etiam
1378 1149 1558 1190 dictione
1610 1152 1871 1191 coniunctam
1910 1164 2008 1194 esse.
2097 1150 2238 1200 Quare
2286 1162 2381 1188 cum
2429 1150 2519 1187 vir·
2564 1146 2569 1151 ’

370 1226 481 1260 tutes
508 1219 743 1274 linguarum
773 1221 814 1259 in
844 1233 893 1259 eo
921 1220 1096 1260 maxime
1118 1221 1201 1261 sint
1227 1221 1404 1275 positae,
1446 1228 1493 1260 ut
1519 1220 1715 1261 dictiones
1745 1220 1900 1275 legibus
1929 1221 2133 1261 humanae
2155 1220 2325 1260 rationis
2356 1232 2518 1259 accom-

369 1290 560 1330 modatae
586 1292 667 1330 sint
694 1293 1077 1346 accuratissimeque
1120 1292 1395 1347 respondeant
1409 1322 1423 1345 ,
1469 1305 1637 1346 graecae
1684 1291 1848 1346 linguae
1891 1292 2137 1345 praestantia
2178 1292 2222 1330 in
2254 1290 2333 1330 hoc
2371 1304 2518 1343 genere

370 1374 470 1412 prae
493 1362 636 1400 ceteris
653 1368 716 1401 est
741 1361 941 1401 mirabilis
969 1376 1016 1402 ac
1046 1376 1176 1419 paene
1203 1362 1361 1404 divina.
1420 1361 1527 1403 Nam
1547 1369 1620 1403 aut
1647 1375 1776 1404 unum
1804 1361 1996 1417 idemque
2016 1360 2262 1404 vocabulum
2291 1362 2516 1413 notionem,

370 1447 496 1485 quam
528 1433 720 1484 diximus,
766 1441 987 1488 utramque
1015 1435 1136 1474 simul
1163 1435 1384 1489 significat,
1428 1441 1501 1474 aut
1539 1434 1679 1489 plures
1717 1446 1838 1476 voces
1864 1447 1889 1475 a
1918 1447 1962 1475 se
1996 1433 2204 1476 derivatae
2246 1433 2369 1475 modo
2397 1432 2518 1484 hanc,

372 1504 499 1544 modo
527 1494 652 1544 illam·
673 1506 1008 1559 significationem
1041 1506 1248 1548 exhibent.
1303 1506 1384 1545 Sed
1414 1519 1501 1545 rem
1531 1505 1723 1559 exemplis
1749 1504 2014 1550 illustremus.
2074 1504 2113 1545 A
2138 1502 2342 1558 δέρκω,
2371 1504 2514 1554 video,

369 1575 415 1615 fit
445 1574 612 1627 δράκων
639 1576 792 1631 (Etym.
823 1576 932 1624 286,
960 1576 1048 1627 8.),
1094 1563 1209 1616 cuius
1247 1576 1357 1616 oculi
1387 1575 1705 1631 splendidissimi
1744 1581 1785 1615 et
1810 1573 2013 1615 terribiles
2045 1575 2329 1615 existimantur
2363 1574 2432 1630 (11.
2463 1588 2517 1627 χ,

368 1648 439 1701 93.
468 1649 578 1702 sq.);
611 1655 652 1687 et
684 1644 864 1700 δορκάς,
893 1649 1011 1688 cuius
1039 1650 1154 1689 visus
1182 1656 1243 1688 est
1275 1647 1414 1688 Plinio
1441 1654 1543 1687 teste
1583 1647 1852 1701 acutissimus.
1935 1647 2053 1687 Hanc
2094 1646 2335 1686 sententiam
2363 1646 2519 1699 egregie

369 1716 507 1756 firmat
537 1717 769 1770 Pindarus,
803 1720 923 1759 cuius
948 1698 1090 1768 locos,
1119 1717 1239 1765 κλέος
1268 1716 1462 1773 δέδορκε,
1493 1713 1604 1772 φάος
1631 1717 1824 1770 δέδορκε,
1855 1716 2007 1771 φέγγος
2037 1716 2238 1771 δέδορκε,
2282 1718 2520 1771 interpretes

375 1787 596 1828 doctissimi
630 1791 763 1829 active
791 1796 881 1830 tum
913 1790 966 1830 de
995 1789 1176 1844 gloiiae,
1227 1798 1317 1830 tum
1363 1791 1414 1831 de
1460 1790 1561 1830 lucis
1609 1789 1825 1844 splendore
1867 1789 2090 1830 rectissime
2130 1796 2389 1844 acceperunt.
2450 1788 2520 1828 Ab

373 1874 545 1912 οπτω,
575 1862 723 1913 video,
744 1862 790 1903 fit
828 1876 929 1924 ocpfg
961 1862 1123 1917 (Etym
1145 1862 1252 1915 614,
1274 1863 1351 1914 6.),
1381 1862 1596 1903 oculorum
1624 1862 1867 1924 splendore,
1901 1864 2020 1903 sicuti
2050 1858 2072 1903 ὃ
2106 1859 2296 1915 δράκων,
2325 1861 2519 1915 insignis,

372 1947 496 1987 quem
530 1930 674 1973 αἰολον
706 1934 910 1974 Homerus
939 1942 1058 1974 vocat
1088 1934 1150 1986 (ll.
1177 1949 1232 1986 μ,
1269 1936 1404 1986 208.,)
1434 1934 1642 1975 Pindarus
1669 1934 1902 1986 γλαυκῶπα
1931 1931 2228 1974 ποικιλόνωτον
2261 1933 2402 1987 (Pyth.
2434 1932 2517 1983 lv,

371 2003 466 2055 444.
474 2004 518 2058 ),
555 2011 596 2044 et
628 2018 771 2055 ομμα,
800 2004 912 2059 quod
940 2019 1237 2059 nonnunquam
1266 2005 1401 2045 lucem
1431 2006 1585 2046 indicat
1612 2013 1653 2046 et
1684 2004 1960 2060 splendoiwem
1993 2005 2067 2045 cfr.
2088 2004 2217 2059 Soph.
2245 2005 2398 2046 Trach.
2427 2005 2520 2048 203.

367 2075 585 2130 Aristoph.
629 2076 743 2117 Nub.
787 2076 883 2120 286.
963 2077 1001 2116 Α
1032 2075 1138 2117 λέω
1156 2108 1167 2128 ,
1197 2077 1341 2125 video,
1378 2078 1423 2116 fit
1454 2076 1579 2129 λέων,
1613 2080 1765 2132 quippe
1793 2075 2048 2131 ὀξυδερκής,
2078 2073 2215 2117 αἴθων
2239 2083 2280 2116 et
2301 2075 2521 2129 διάπυρος.

374 2148 412 2187 Α
444 2144 611 2199 λεύω,
663 2148 781 2188 video
825 2147 889 2200 (ll.
927 2162 980 2199 τ,
1021 2153 1129 2203 ¹9·)›
1166 2149 1210 2187 fit
1250 2146 1399 2194 λευκὸς
1441 2150 1470 2187 i.
1514 2164 1557 2202 q.
1590 2145 1873 2196 εὐσύνοπτος,
1921 2150 1963 2187 in
2002 2162 2084 2204 qua
2134 2161 2238 2188 voce
2280 2147 2520 2202 significatio

370 2219 561 2259 candoris
591 2226 630 2260 et
657 2219 886 2273 splendoris
913 2220 1107 2274 primaria
1137 2222 1268 2259 extitit
1296 2221 1436 2271 (Hom.
1467 2219 1547 2260 Od.
1567 2221 1604 2268 ξ,
1635 2218 1737 2271 45.).
1767 2215 1918 2258 λευκὸν
1945 2219 2054 2273 apud
2084 2218 2333 2273 Hesychium
2354 2217 2521 2273 explica-

370 2298 440 2331 tur
457 2285 666 2344 φαιδρόν,
698 2287 911 2345 λαμπρόν.
970 2293 1064 2343 Qua
1093 2292 1145 2331 de
1163 2306 1283 2331 causa
1313 2286 1430 2344 ὕδωρ
1461 2289 1610 2332 λευκὸν
1637 2293 1747 2346 apud
1774 2293 2000 2332 Homerum
2030 2289 2162 2344 (llum,
2183 2291 2276 2331 282.
2294 2290 2420 2341 0d.e‚
2438 2293 2519 2344 70.)

373 2377 458 2403 non
488 2371 548 2402 est
573 2377 679 2417 aqua
709 2362 801 2402 alba
822 2393 834 2415 ,
863 2364 932 2403 sed
958 2364 1134 2403 candida
1162 2371 1203 2403 et
1230 2363 1408 2417 quadam
1440 2364 1587 2404 nitenti
1620 2364 1880 2418 vibrantique
1908 2363 1999 2404 luce
2027 2363 2222 2416 insignis,
2268 2363 2418 2416 quippe
2446 2361 2521 2401 soli

376 2435 571 2488 exposita,
605 2448 730 2488 quam
760 2433 867 2473 idem
894 2434 992 2474 dicit
1022 2428 1183 2486 ἀγλαὸν
1210 2428 1326 2487 ὕδωρ
1358 2432 1436 2489 (ll.
1466 2434 1521 2485 β,
1544 2435 1638 2490 3⁰7·
1659 2448 1718 2489 φ,
1747 2433 1899 2490 345.);
1928 2440 2071 2473 contra
2096 2431 2231 2485 μέλαν
2258 2427 2377 2486 ὕδωρ
2395 2431 2459 2482 (ll.
2478 2431 2521 2485 β,

375 2505 471 2547 825.
490 2522 534 2555 π,
559 2504 645 2546 ¹61.
662 2506 921 2559 ‹p,202.0d,
938 2507 978 2557 δ,
1011 2508 1106 2560 359.
1128 2509 1307 2559 ξ,9ι.μ,
1329 2505 1469 2557 ιο4.ν,
1498 2508 1610 2561 409.)
1641 2520 1723 2546 non
1755 2515 1815 2546 est
1839 2519 1944 2560 aqua
1958 2506 2103 2559 nigra,
2133 2503 2203 2544 sed
2232 2517 2338 2558 quae
2370 2504 2410 2543 in
2443 2517 2522 2558 pu·-

374 2579 449 2618 teis
463 2586 645 2631 apparet,
677 2577 859 2631 locisque
885 2577 1100 2630 profundis
1128 2584 1168 2617 et
1195 2579 1356 2631 opacis,
1387 2575 1677 2629 fontibusque,
1709 2576 1780 2629 qui
1809 2574 1986 2613 arbustis
2013 2573 2135 2614 obsiti
2149 2579 2257 2613 sunt.
2284 2573 2358 2616 cfr.
2382 2572 2524 2614 schol.

376 2649 444 2689 ad.
483 2649 534 2688 ll.
564 2664 609 2697 π,
649 2649 739 2691 161.
771 2657 811 2689 et
840 2648 1030 2689 Eustath.
1063 2649 1114 2688 ad
1147 2649 1267 2689 Hom.
1284 2650 1368 2689 Od.
1392 2663 1427 2697 ε,
1452 2662 1516 2704 70.
1540 2662 1581 2703 p.
1611 2645 1731 2699 1524,
1753 2645 1821 2686 36.
1848 2646 1884 2686 A
1916 2641 2093 2698 γλάω,
2122 2645 2266 2693 video,
2298 2645 2344 2684 fit
2370 2641 2522 2695 γλήνεα

377 2719 444 2770 (ll.
479 2733 530 2769 ω,
571 2723 679 2773 192.)
711 2718 736 2759 i.
764 2733 803 2773 q.
817 2715 1055 2771 ῖὸγάλματα
1066 2749 1078 2769 ,
1109 2732 1173 2758 res
1200 2718 1458 2772 splendidae,
1490 2718 1610 2758 sicuti
1639 2716 1804 2769 stellae,
1835 2717 1973 2767 oculi,
2020 2716 2126 2768 alia3
2173 2723 2214 2757 et
2243 2709 2399 2767 α’γλαὸς
2426 2714 2455 2756 i.
2484 2727 2519 2756 e.

372 2785 599 2842 λαμπρός,
646 2790 762 2829 cuius
790 2791 947 2844 generis
976 2788 1097 2843 plura
1130 2789 1309 2843 exempla
1349 2791 1390 2829 in
1429 2790 1711 2844 superioribus
1753 2789 2029 2829 laudavimus,
2056 2789 2095 2828 A
2133 2781 2336 2840 γλαύω,
2375 2784 2518 2836 video,

375 2861 422 2901 fit
449 2856 585 2912 γλαῦξ
614 2861 700 2901 sive
727 2860 910 2913 γλαῦκος
938 2865 1076 2914 (quam
1106 2868 1321 2915 utramque
1350 2861 1526 2902 formam
1555 2861 1666 2903 idem
1698 2861 1922 2915 significare
1943 2867 2081 2901 monet
2110 2858 2396 2912 grammaticus
2411 2855 2523 2910 apud

376 2931 699 2972 Valckenarium
729 2932 782 2971 ad
812 2933 1007 2972 Ammon.
1041 2933 1080 2981 3,
1124 2932 1181 2973 18.
1213 2947 1248 2986 p.
1270 2933 1396 2987 αὖα),
1428 2935 1514 2974 avis
1548 2933 1601 2973 ab
1651 2931 1865 2973 oculorum
1897 2931 2056 2986 fulgore
2089 2928 2327 2981 nominata,
2371 2922 2444 2968 διὰ
2474 2922 2522 2967 τό
