2860 3691
1309 284 1641 332 —15-

182 412 234 438 ῖνΨ
411 418 606 454 vei-satos
619 412 723 453 esse.
781 409 907 452 Itium
926 408 1026 452 itero
1041 439 1055 463 ‚
1095 414 1220 467 quem
1246 410 1457 466 diximum·
1485 413 1674 469 spiritum
1699 422 1784 452 non
1813 408 2039 466 simplicem
2067 423 2152 451 esse
2180 410 2416 453 iudicabant
2429 441 2441 463 ‚
2470 413 2541 453 sed

189 477 235 517 ἶ
322 484 328 491 ’
410 477 710 538 compedum,
752 481 920 540 eiusque
938 483 1276 539 cio-podibus-
1301 484 1526 527 aen‘inta·
1550 497 1594 525 se
1631 484 1920 533 commixtam,
1961 481 2033 523 sed
2077 481 2308 524 distinctam
2345 491 2387 523 et
2425 486 2541 538 quasi

137 580 139 582 -
208 518 346 599 ’ξ
411 541 606 608 ’
608 561 611 563 ’
657 554 911 609 edmum',
963 553 1037 596 aa
1066 562 1122 596 nt
1160 556 1360 597 mimum
1399 554 1635 597 inferiorem
1676 560 1892 608 terraeque
1937 552 2193 608 propiorem,
2235 567 2320 610 quo
2362 555 2540 596 vivimus

219 618 293 676 '⁴⁸2
312 642 314 645 ·
350 613 364 621 ’
407 628 539 679 atque
560 624 774 680 spiramus
778 655 793 677 ‚
815 623 959 671 εει-ιιι
979 627 1212 677 vomi-ants
1241 638 1494 683 Μ
1517 632 1664 668 mnu-a
1690 638 1715 665 a
1745 632 1857 669 terra
1883 631 2024 666 nosti-a
2050 627 2364 667 remotissimum
2397 625 2538 665 aethe-

406 702 512 736 rem
511 704 851 752 nuncupem
874 699 1362 754 Q-preptaequoniam
1390 697 1460 748 id,
1487 696 1604 754 qnod
1629 694 1875 752 plemmque
1892 709 2029 737 aei-em
2047 694 2212 746 dicunt,
2244 696 2539 751 significatione

362 769 373 780 ‘
390 762 597 808 “bid-lieet
625 767 789 820 huod,
787 769 860 809 ‘in
887 769 1035 812 meu-a-
1052 768 1332 822 &munem
1354 781 1495 809 sennis
1518 768 1826 823 ambiguitatem
1854 765 2013 809 efficere
2038 768 2199 823 possit,
2240 780 2324 809 non
2352 768 2537 810 dubitavi

411 849 554 879 vocem
582 839 746 895 spir-ime
772 852 997 896 usurpare,
1026 838 1238 881 Ciceronis
1265 837 1521 893 aliorumque
1548 841 1789 879 auctoritate
1824 837 2074 893 probatam,
2118 845 2167 878 ut
2203 839 2388 879 animum
2410 868 2422 890 ,
2468 840 2538 893 qui

411 914 565 948 terram
591 909 912 962 circumfundit,
959 909 1125 951 omnen
1150 915 1207 951 et
1232 907 1505 950 universalem
1546 915 1587 948 et
1623 909 1888 962 significarem
1930 916 1971 950 et
2012 923 2095 949 una
2132 910 2250 964 quasi
2294 911 2540 964 cogitatione

409 978 712 1032 complecterer.
775 979 943 1021 Etenim
969 992 1042 1021 aer
1062 987 1108 1021 et
1140 979 1289 1031 adher
1313 992 1459 1034 graeca
1501 985 1627 1030 sunt3
1670 980 1715 1017 in
1749 977 1877 1021 latina
1916 978 2057 1034 lingua
2083 979 2367 1021 desiderantur
2413 994 2537 1021 voces

404 1048 654 1103 singulares,
684 1050 834 1105 quibus
862 1049 934 1091 illa
948 1051 1261 1092 accuratissime
1291 1051 1570 1105 exprimantur
1586 1078 1600 1099 ‚
1643 1063 1774 1104 eaque
1819 1050 1908 1103 ipsa
1949 1064 2013 1091 res
2052 1051 2239 1093 Ciceroni
2282 1052 2393 1091 haud
2441 1066 2537 1091 raro

403 1119 685 1162 difficultatem
710 1121 916 1175 quandam
936 1124 1113 1175 peperit,
1145 1135 1238 1163 cum
1266 1121 1372 1160 aei-is
1399 1128 1471 1160 aut
1492 1120 1670 1160 aetheris
1690 1120 1899 1162 notionem
1918 1132 2177 1174 expiessurus
2193 1150 2206 1172 ,
2238 1123 2355 1175 quasi
2376 1122 2534 1177 fugiens

405 1204 548 1231 vocem
588 1205 775 1246 graecam
795 1222 807 1242 ,
861 1194 928 1232 cui
971 1206 1054 1233 non
1096 1192 1265 1234 haberet
1302 1191 1471 1233 latinam
1507 1191 1816 1247 respondentem
1830 1223 1844 1243 ,
1890 1190 2118 1247 periphrasi
2160 1192 2345 1232 adhibita
2385 1193 2537 1233 diceret

403 1264 588 1303 animum
618 1264 851 1318 spirabilem
882 1264 955 1320 (de
981 1271 1066 1306 nat.
1101 1264 1217 1304 deor.
1251 1264 1307 1314 11,
1337 1264 1400 1319 8.)
1417 1294 1431 1320 ‚
1460 1270 1533 1305 aut
1560 1275 1694 1306 aeoem
1722 1277 1812 1304 eum
1829 1292 1843 1312 ‚
1876 1277 1996 1321 quem
2026 1265 2168 1320 spiritu
2196 1263 2378 1308 ducimus
2406 1264 2450 1319 (l.
2467 1270 2532 1317 c.)‚

404 1341 477 1375 aut
503 1333 682 1390 denique
707 1336 924 1376 animalem
951 1336 1262 1393 spirabilemque
1287 1345 1480 1377 mmmm
1504 1335 1550 1387 (l.
1581 1350 1624 1378 c.
1655 1336 1720 1386 11,
1751 1334 1853 1387 56.).

511 1406 740 1448 Redeamus
776 1407 827 1447 ad
865 1414 1047 1449 nostram
1088 1407 1418 1464 disputationem.
1485 1407 1573 1451 Aei-
1614 1399 1733 1459 (ἔω,
1778 1400 2003 1461 ἄνεμος,
2031 1411 2212 1457 amus,
2243 1412 2397 1450 anima.
2444 1412 2531 1454 Cic.

397 1477 518 1519 Tusc.
549 1487 704 1533 quaest.
730 1480 769 1531 1,
805 1493 867 1535 ¹9·
895 1480 1026 1521 Acad.
1053 1487 1210 1535 quaest.
1245 1479 1284 1529 1,
1308 1494 1350 1535 7.
1381 1481 1545 1521 Lucret-
1577 1479 1614 1528 1,
1639 1477 1736 1534 716.
1764 1477 1877 1519 AEP
1906 1480 1934 1518 i.
1962 1492 1999 1519 e.
2035 1480 2185 1519 AFEP
2204 1509 2217 1530 ,
2246 1482 2357 1521 unde
2387 1473 2501 1534 αι’ἕρη
2520 1513 2530 1531 ,

397 1548 517 1604 aura)
546 1551 713 1603 spii-itus
740 1557 801 1590 est
828 1551 991 1591 infimus
1008 1580 1020 1599 ‚
1050 1558 1185 1592 terrae
1213 1553 1421 1605 proximus
1440 1579 1453 1602 ‚
1482 1551 1557 1604 qui
1583 1550 1740 1591 moveri
1768 1556 1903 1603 potest
1931 1557 1973 1598 et
1998 1551 2174 1604 agitari,
2218 1550 2337 1604 eique
2368 1550 2531 1590 habitus

394 1618 595 1659 *tribuitur
621 1621 856 1660 inconstans
884 1628 928 1661 et
958 1621 1136 1661 incertus
1164 1628 1205 1661 et
1237 1620 1400 1660 diversa
1428 1621 1600 1661 diversis
1626 1618 1880 1673 temporibus
1924 1620 2075 1673 species
2092 1648 2106 1671 ,
2151 1625 2241 1658 tum
2282 1619 2495 1660 obscurior
2515 1651 2525 1670 ‚

395 1695 485 1729 tum
514 1689 664 1730 clarior
696 1698 736 1731 et
761 1690 1029 1746 pellucidior,
1058 1697 1181 1744 prout
1207 1690 1379 1730 crassior
1404 1697 1446 1729 et
1469 1691 1696 1733 concretior
1727 1696 1790 1730 est
1819 1697 1890 1729 aut
1917 1692 2082 1730 tenuior
2110 1697 2151 1730 et
2170 1692 2328 1743 purior.
2382 1691 2528 1745 Neque

393 1774 493 1802 vero
523 1774 571 1800 ea
600 1760 937 1816 philosophorum
972 1767 1133 1801 tantum
1177 1761 1319 1814 opinio
1353 1767 1415 1800 est
1431 1790 1442 1809 ‚
1485 1759 1557 1800 sed
1595 1760 1970 1813 antiquissimorum
2007 1762 2259 1801 Graecorum
2295 1765 2493 1802 sententia
2511 1793 2522 1812 ,

395 1831 567 1872 Homeri
589 1834 826 1873 testimonio
850 1833 1001 1873 centies
1027 1831 1213 1886 probata.
1270 1830 1378 1871 Vide
1413 1830 1466 1870 11.
1505 1832 1552 1883 ξ,
1588 1829 1684 1875 288.
1725 1830 1778 1872 ad
1816 1844 1939 1885 quem
1981 1830 2117 1871 locum
2156 1831 2426 1885 scholiastae,
2472 1834 2529 1872 δι’

400 1898 530 1955 η’έρος
558 1899 701 1954 αἰθέρ’
731 1900 886 1957 ἵκανεν]
919 1900 946 1954 ἢ
976 1901 1135 1954 διπλῆ,
1164 1896 1230 1942 ὅτι
1258 1901 1356 1942 καθ’
1375 1895 1561 1954 Ὅμηρον
1588 1897 1674 1953 ἆὴρ
1703 1897 1725 1941 ὅ
1756 1895 1841 1940 dud
1870 1900 1947 1954 γῆς
1977 1902 2110 1954 μέχρι
2142 1903 2283 1957 νεφῶν
2311 1901 2462 1952 τόπος·
2504 1902 2530 1942 ὅ

396 1971 446 2012 δὲ
475 1969 585 2024 ὑπὲρ
616 1968 671 2012 τὰ
704 1973 813 2027 νέφη
840 1971 973 2027 αἰθήρ
1002 1973 1077 2014 καί
1104 1969 1329 2025 ὅμονύμως
1358 1972 1417 2028 τῷ
1436 1970 1665 2028 στερεμνίῳ
1694 1969 1887 2025 οὐρανός.
1945 1971 2032 2011 Cfr.
2065 1972 2146 2015 Od.
2179 1988 2226 2022 ν,
2257 1973 2329 2029 94.
2361 1975 2458 2026 241.
2488 1984 2527 2015 et

392 2042 520 2086 schol.
555 2043 713 2084 Aether
744 2051 886 2085 contra
907 2074 920 2096 ,
963 2059 1086 2099 quem
1118 2043 1293 2086 eundem
1322 2043 1480 2084 coelum
1508 2050 1657 2084 vocant
1689 2041 1796 2094 (Cic.
1841 2042 1893 2083 de
1930 2050 2017 2083 nat.
2057 2043 2171 2084 deor.
2200 2043 2250 2097 l,
2288 2047 2399 2099 15.)‚
2433 2061 2527 2088 aei-e

389 2116 576 2170 superior
593 2145 606 2167 ,
650 2123 799 2156 natura
827 2130 901 2157 sua
928 2125 1087 2158 constat
1125 2131 1171 2158 ex
1207 2116 1410 2157 altissimis
1427 2114 1636 2170 ,ignibus3
1684 2128 1731 2154 ex
1773 2128 1856 2168 quo
1897 2128 2000 2168 puro
2043 2121 2084 2155 et
2128 2114 2256 2156 libero
2302 2119 2525 2172 eodemque

388 2189 588 2227 acerrimo
619 2194 661 2227 et
697 2187 963 2227 mobilissimo
991 2188 1143 2227 ardore
1177 2186 1495 2226 innumerabiles
1538 2185 1725 2229 flammae
1761 2185 1941 2224 siderum
1979 2187 2196 2238 oriuntur,
2241 2201 2346 2242 quae
2387 2191 2522 2230 omnia

390 2257 610 2299 clarissima
633 2256 731 2298 luce
758 2257 982 2299 collustrat.
1039 2258 1264 2298 immensus
1296 2263 1356 2295 est
1384 2257 1471 2308 ipse
1504 2263 1546 2298 et
1573 2257 1826 2294 constantiae
1852 2257 2091 2297 aeternitate
2130 2257 2338 2310 praeditus
2356 2290 2367 2308 ,
2418 2260 2523 2300 lovis

391 2330 559 2369 nomine
586 2330 711 2373 etiam
738 2328 991 2383 appellatus,
1020 2329 1063 2369 in
1091 2343 1213 2384 quem
1240 2328 1308 2367 hic
1340 2341 1480 2367 vei-sus
1510 2340 1533 2367 e
1561 2325 1743 2380 Thyeste
1773 2326 1899 2366 Ennii
1938 2328 2048 2382 apud
2077 2327 2317 2369 Ciceronem
2349 2329 2401 2369 de
2432 2338 2516 2370 nat.

386 2400 498 2444 deor.
534 2399 594 2452 ll,
627 2412 664 2444 2.

499 2472 739 2526 Adspice
772 2471 874 2514 hoc
903 2470 1141 2512 sublime
1170 2471 1423 2519 candens,
1462 2484 1619 2524 quem
1649 2471 1911 2510 invocant
1947 2483 2129 2512 omnes
2160 2471 2351 2511 Iovem.

385 2543 481 2583 Non
508 2556 617 2582 vana
643 2550 715 2582 aut
743 2543 836 2583 ficta
866 2542 937 2583 illa
982 2545 1181 2583 sententia
1211 2550 1271 2583 est
1301 2543 1354 2582 ab
1389 2541 1710 2589 recentioribus,
1758 2542 1829 2581 sed
1868 2556 1917 2581 ex
1953 2542 2131 2582 Homero
2176 2542 2302 2582 veluti
2346 2557 2368 2582 e
2405 2545 2520 2586 fonte

384 2613 508 2652 dueta
539 2621 580 2653 et
608 2615 651 2653 in
679 2614 804 2654 totius
833 2615 1088 2670 antiquitatis
1115 2627 1281 2654 assensu
1309 2612 1562 2655 confirmata.
1620 2611 1828 2651 Nonnulla
1853 2611 2034 2665 exempla
2060 2612 2358 2664 adscribamus,
2391 2616 2516 2656 veluti

384 2697 491 2737 quae
519 2683 711 2738 leguntur
744 2684 794 2725 u.
822 2685 868 2737 β,
896 2684 991 2737 412.

918 2754 1009 2795 Ζεῦ
1042 2751 1244 2806 κύδιστε,
1282 2753 1480 2806 μέγιστε,
1508 2750 1759 2807 κελαινεφές
1778 2783 1790 2802 ,
1834 2753 1980 2806 αἰθέρι
2007 2753 2166 2794 vaibar!

383 2825 460 2864 cfr.
489 2825 544 2864 11.
575 2824 614 2874 δ,
653 2824 739 2866 ι66.
766 2825 852 2865 Od.
879 2839 919 2878 ο,
950 2825 1047 2865 522.
1075 2832 1117 2865 et
1144 2824 1271 2869 schol.
1299 2824 1353 2863 ad
1382 2823 1425 2863 h.
1451 2822 1477 2865 l.
1508 2822 1594 2865 Cic.
1622 2822 1675 2862 de
1701 2830 1789 2864 nat.
1822 2824 1932 2864 deor.
1961 2824 1995 2874 1,
2034 2824 2096 2865 15.
2155 2821 2291 2879 αἰθὴρ
2321 2827 2373 2865 ab
2400 2823 2513 2867 αι”θω

379 2894 590 2934 derivatur
619 2897 644 2938 i.
673 2909 709 2935 e.
738 2894 844 2935 καίω
875 2897 961 2936 sive
988 2891 1170 2946 λάμπω,
1197 2894 1309 2935 unde
1336 2892 1548 2939 Αἰθίοπες
1574 2891 1770 2936 dicuntur
1799 2890 1874 2934 διὰ
1901 2890 1947 2935 τὸ
1974 2893 2280 2937 ἐπικεκαῦσθαι
2307 2895 2384 2948 τήν
2413 2890 2515 2948 ὄψιν

381 2961 462 3005 ὑπὸ
495 2967 575 3006 τοῦ
599 2964 769 3007 “Ηλιὀυ.
827 2966 900 3006 cfr.
931 2967 1123 3009 Eustath.
1155 2966 1208 3007 ad
1235 2965 1316 3006 Od.
1347 2979 1391 3018 p.
1427 2962 1544 3013 1585,
1577 2962 1650 3004 60.
1722 2964 1934 3016 αἰθίοψ
1973 2979 2195 3018 cognomen
2233 2967 2340 3007 iovis
2369 2975 2429 3009 est
2460 2969 2511 3009 de
