2860 3691
1226 264 1293 292 ==
1367 240 1429 305 io
1473 264 1566 287 ”²-

323 451 473 505 betur‚
501 453 605 496 adeo
632 453 811 497 abfuisse
838 467 863 495 a
891 453 1197 516 pulchritudine
1234 452 1481 518 indie-nde,
1523 461 1586 497 ut
1594 453 1738 502 Μ
1751 446 2466 515 &mm
2486 379 2585 513 qis·
2631 445 2659 493 ’-

320 523 561 569 Pufflmm
582 510 950 579 pulchritudinem
992 525 1162 579 mesia,
1195 538 1307 582 quo.
1348 512 1493 577 nsunt
1522 530 1704 575 wem,
1747 522 1886 566 σωκ.
1909 514 2233 607 monum
2231 503 2525 582 &aa
2560 523 2567 543 ²

319 595 532 638 declarant
557 594 743 639 Terentii
770 597 924 650 verba,
955 596 1287 644 Heautontimor.
1317 598 1377 652 V,
1398 598 1439 648 5,
1470 610 1535 654 ¹7·

1268 685 1270 688 ·
1503 670 1716 724 nm
1729 666 1850 710 marn
1879 667 2111 725 m,

545 742 743 791 caestum,
771 756 911 798 spano
939 755 1031 792 ore,
1069 739 1226 783 adunco
1253 744 1384 782 naso?
1425 754 1509 782 non
1532 747 1736 798 poam,
1747 748 1893 799 pm,
1898 739 2104 793 (mm).
2292 766 2295 769 -
2447 755 2521 786 4

319 813 373 853 ln
399 811 565 871 dialogo
588 813 735 871 igitur,
772 826 857 870 quo
885 812 1078 865 Venere,
1120 813 1280 853 lunone
1307 820 1349 854 et
1375 814 1568 852 Minerva
1594 812 1658 851 de
1672 810 1981 873 pulchritudine
2005 811 2116 851 inter
2141 824 2186 850 se
2211 810 2467 854 octantibus
2570 807 2572 809 ’

317 885 512 924 Paridem
538 881 683 924 arluitri
708 891 844 940 partes
861 892 1051 941 agentem
1075 886 1235 927 inducit
1257 887 1329 926 iile
1351 887 1557 926 deorum·
1544 888 1713 936 irrisor,
1742 883 1919 939 quaerit
1927 882 2074 926 venus
2087 897 2138 923 a
2159 880 2467 932 mum-,em-
2412 928 2415 930 ,

317 956 478 995 nudum
497 963 621 1011 caput
636 969 722 995 non
739 951 931 998 exhibeat
951 958 1237 1013 spectandum,
1257 957 1371 1012 galea
1397 957 1609 1011 deponit-3
1635 966 1766 1011 porro
1782 955 2011 1010 interrogat
2029 967 2120 996 non
2127 952 2224 994 dne
2243 949 2342 1004 eale,
2362 963 2467 1003 m

316 1027 425 1067 sorte
453 1034 612 1068 metuat
627 1058 640 1081 ,
663 1042 716 1068 ne
741 1027 811 1068 ille
840 1027 1056 1069 ocuiorum
1084 1027 1240 1068 candor
1266 1023 1325 1080 (τό
1352 1025 1540 1080 γλαυκὸν
1567 1026 1656 1069 τόν
1679 1023 1893 1079 Capitur)
1923 1025 2002 1068 sibi
2027 1024 2179 1066 damno
2205 1025 2285 1076 sit,¹
2304 1031 2466 1067 remoto

317 1098 416 1151 illo,
452 1113 538 1154 quo
561 1107 764 1140 terrorem
785 1101 973 1151 incutiat,
999 1097 1190 1140 videlicet
1207 1098 1336 1155 gaiea.
1369 1099 1482 1141 Tum
1503 1100 1694 1141 Minerva
1718 1098 1903 1140 decr-eu
1924 1097 2038 1154 galea
2059 1110 2153 1139 cnm
2173 1094 2343 1152 reiiquis
2364 1094 2463 1138 det-
2534 1152 2542 1159 υ

316 1170 397 1211 bus
424 1171 539 1212 nuda
566 1172 725 1221 adstat,
755 1171 799 1212 in
833 1184 1004 1226 eamque
1031 1184 1193 1212 summa
1220 1184 1317 1212 cum
1345 1170 1475 1213 ironia
1503 1170 1607 1213 haec
1635 1169 1763 1214 verba
1791 1170 1901 1213 dicta
1941 1182 2030 1212 esse
2069 1168 2269 1220 conficio,
2305 1161 2346 1210 ὦ
2371 1164 2464 1209 Ζεῦ

316 1237 539 1295 τεράστιε,
568 1242 646 1295 τῆς
675 1241 807 1292 θέας,
842 1240 922 1282 τοῦ·
948 1236 1156 1294 κάλλους,
1191 1240 1267 1297 τῆς
1291 1238 1466 1298 ἧδονῆςῐ
1509 1237 1581 1286 οἷα
1609 1242 1690 1295 μὲν
1717 1238 1745 1296 ἦ
1772 1239 2013 1296 παρθένος,
2056 1235 2116 1289 ὥς
2154 1238 2203 1281 δὲ
2237 1231 2462 1292 βασιλικόν

317 1310 429 1365 adv)
461 1313 537 1354 καί
561 1308 719 1364 σεμνόν
746 1306 992 1365 ἀπολάμπει
1021 1310 1096 1354 καὶ
1130 1306 1450 1368 ἀληθῶς-ἄξιον
1475 1309 1598 1361 Διός.
1657 1313 1818 1354 Deinde
1838 1313 1955 1353 Paris
1985 1312 2104 1352 deam
2135 1313 2299 1351 missam
2338 1309 2463 1361 facit,

313 1382 429 1425 nulia
458 1385 545 1425 eius
579 1383 898 1439 pulchritudinis
921 1384 1069 1447 habita
1099 1385 1273 1426 ratione.
1332 1383 1527 1427 Idem-‘de
1553 1384 1682 1427 oculis
1710 1386 1926 1425 Minervae
1962 1384 2110 1439 probat
2146 1382 2251 1423 alter
2289 1382 2460 1422 Luciani

314 1454 432 1497 locus
459 1457 503 1496 in
537 1456 744 1512 colloquio
768 1459 876 1498 inter
904 1458 1046 1498 Iovem
1085 1464 1127 1498 et
1155 1455 1390 1497 Vulcanum
1421 1455 1567 1497 habito
1584 1486 1596 1506 ,
1640 1456 1714 1497 ubi
1741 1454 1957 1498 Vulcanus
1972 1485 1984 1504 ‚
2025 1455 2252 1495 obstetricis
2289 1465 2462 1493 munere

315 1527 506 1578 functus,
538 1529 771 1569 Minervam
801 1543 848 1569 ex
880 1527 992 1569 lovis
1021 1530 1154 1582 capite
1180 1536 1321 1568 natam
1350 1543 1446 1569 cum
1483 1528 1707 1571 formosam
1733 1528 2008 1576 nominasset,
2050 1526 2191 1578 addit,
2219 1523 2465 1578 γλαυκῶπις

311 1598 419 1648 μέν,
453 1595 563 1636 ἀλλὰ
596 1602 752 1649 κοσμεῖ
775 1599 851 1637 καί
879 1597 1003 1638 τοῦτο
1029 1595 1056 1651 ἦ
1087 1597 1235 1652 κόρυς.
1292 1601 1428 1651 Quem
1457 1600 1594 1641 locum
1621 1601 1693 1654 qui
1727 1605 1916 1639 accurate
1943 1599 2187 1652 inspexerit,
2219 1611 2304 1636 non
2330 1603 2462 1650 potest

313 1667 502 1708 dubitare
516 1697 529 1718 ‚
565 1671 667 1722 quin
695 1670 901 1709 Lucia-us
917 1698 931 1720 ‚
980 1670 1413 1710 contumeliosissimus
1440 1670 1616 1712 deorum
1646 1672 1848 1725 interpres
1864 1700 1877 1722 ‚
1925 1670 2067 1712 oculos
2107 1670 2319 1709 Minervae
2361 1681 2461 1707 can-
2852 1680 2860 1721 ἦ

312 1737 457 1777 dentes
484 1740 529 1777 in
553 1738 917 1792 reprehensionem
944 1746 985 1779 et
1012 1742 1057 1779 in
1085 1739 1313 1781 ludibrium
1338 1749 1457 1783 vocet
1489 1749 1613 1796 atque
1640 1741 1755 1782 illam
1780 1741 2082 1781 deformitatem
2121 1737 2308 1792 illudque
2343 1737 2459 1778 faciei

255 1845 283 1870 .·
314 1809 461 1848 vitium
504 1809 659 1862 galeae·
689 1817 886 1864 perpetuo
922 1817 1159 1865 tegumento
1201 1813 1388 1850 imminui
1442 1820 1482 1852 et
1524 1814 1639 1867 quasi
1686 1811 1992 1852 medicamentis
2031 1808 2279 1864 quibusdam
2315 1807 2457 1848 illiniri

316 1881 532 1921 existimet.
588 1881 824 1921 Ridiculum
844 1883 1020 1935 merito,
1054 1897 1106 1923 ne
1135 1883 1267 1923 dicam
1295 1885 1504 1938 ineptum,
1533 1883 1664 1925 videri
1692 1890 1850 1940 potest,
1881 1882 1915 1923 si
1942 1881 2034 1931 dea,
2066 1882 2277 1922 maiestate
2297 1888 2458 1920 summa

313 1953 481 2005 insignis
500 1981 511 2000 ,
544 1951 673 1993 oculis
703 1955 752 1993 iis
768 1981 780 2002 ‚
815 1968 992 2007 quorum
1021 1957 1064 1995 in
1094 1956 1373 2010 superioribus
1401 1960 1654 1998 mentionem
1672 1970 1792 2010 saepe
1811 1956 1979 1995 fecimus
1994 1984 2005 2003 ‚
2036 1953 2221 2007 praedita
2241 1953 2458 2007 cogitatur.

311 2022 456 2075 Neque
485 2029 623 2062 tamen
656 2022 758 2064 haec
789 2026 894 2064 ratio
923 2033 1080 2079 pugnat
1114 2041 1209 2066 cum
1236 2029 1527 2081 superstitione
1543 2057 1556 2080 ‚
1586 2042 1668 2082 qua
1689 2028 1846 2067 imbuta
1867 2034 1928 2067 est
1947 2026 2168 2079 antiquitas
2187 2053 2199 2075 ‚
2229 2024 2301 2064 sed
2322 2024 2454 2065 eidem

309 2108 479 2147 prorsus
511 2095 819 2134 accommodata
848 2102 907 2134 est
935 2103 976 2135 et
1002 2104 1285 2141 consentanea.
1342 2099 1445 2138 Nam
1472 2112 1580 2152 quae
1605 2099 1897 2153 antiquissimis
1923 2095 2177 2151 temporibus
2216 2094 2267 2137 de
2308 2102 2457 2135 natura

309 2165 484 2204 deorum
511 2171 663 2205 statuta
690 2172 806 2205 erant
833 2173 956 2220 atque
984 2168 1051 2219 pie
1079 2176 1298 2222 sancteque
1317 2171 1358 2209 in
1378 2169 1614 2223 religionem
1638 2177 1825 2224 recepta,
1858 2182 1906 2208 ea
1935 2176 1975 2208 et
2001 2174 2158 2223 postea,
2189 2180 2284 2206 cum
2311 2181 2454 2220 super-

310 2237 487 2277 stitionis
515 2236 743 2277 terroribus
770 2236 926 2278 solutae
957 2245 997 2278 et
1024 2240 1067 2278 in
1098 2239 1329 2279 libertatem
1368 2239 1598 2280 vindicatae
1634 2246 1768 2280 essent
1802 2238 2020 2279 hominum
2062 2243 2218 2277 mentes
2235 2266 2248 2286 ,
2288 2235 2452 2290 religio-

309 2310 464 2350 sissime
487 2316 583 2349 sunt
608 2307 825 2349 observata
853 2316 894 2350 et
921 2317 1078 2351 retenta
1097 2340 1110 2363 ‚
1144 2312 1342 2365 quoniam
1373 2318 1539 2352 externa
1567 2310 1821 2366 singulorum
1852 2308 2024 2350 deorum
2057 2308 2188 2363 specie
2214 2312 2371 2348 mutata
2402 2307 2458 2347 de

309 2382 396 2435 ipsa
424 2380 597 2420 deorum
627 2381 667 2420 vi
696 2387 736 2421 et
762 2382 929 2422 notione
958 2382 1135 2423 multum
1164 2383 1372 2437 dignitatis
1412 2383 1688 2438 pristinaeque
1730 2383 1955 2423 sanctitatis
1997 2380 2156 2422 detrahi
2194 2379 2450 2421 credebatur.

307 2454 441 2494 Multa
470 2461 629 2494 exstant
660 2453 782 2493 huius
807 2455 866 2494 rei
895 2454 1005 2508 apud
1030 2455 1249 2508 scriptores
1278 2457 1470 2510 antiquos
1499 2456 1733 2496 testimonia
1751 2486 1762 2505 ,
1794 2454 1945 2509 quibus
1974 2452 2111 2493 doceri
2139 2453 2294 2507 possit,
2327 2466 2452 2507 quam

307 2533 538 2565 constanter
568 2524 742 2565 deorum
769 2524 903 2565 cultus
931 2527 1236 2581 antiquissimus
1264 2542 1338 2582 per
1366 2540 1507 2568 omnes
1534 2533 1685 2568 aetates
1712 2527 1763 2567 sit
1801 2532 2092 2576 conservatus,
2128 2536 2335 2578 quamque
2371 2522 2451 2562 dif-

307 2596 466 2636 flculter
497 2597 554 2637 dii
583 2605 655 2637 aut
683 2609 828 2637 eorum
856 2596 998 2638 saltem
1027 2598 1254 2640 sacerdotes
1281 2614 1416 2640 sacras
1441 2599 1720 2640 institutiones
1751 2604 1824 2639 aut
1850 2598 1994 2638 novari
2036 2604 2108 2637 aut
2145 2595 2306 2636 turbari
2343 2597 2451 2650 passi

309 2667 406 2706 sint.
461 2667 606 2708 Unum
649 2667 878 2723 exemplum
918 2668 1066 2709 diserte
1104 2684 1471 2711 commemoremus
1507 2684 1554 2711 ex
1589 2669 1819 2711 Pausaniae
1857 2669 2039 2710 historiis
2078 2669 2174 2718 (111,
2205 2681 2244 2707 c.
2286 2666 2349 2714 16,
2387 2670 2449 2716 ης

308 2752 405 2778 nam
435 2740 478 2777 in
509 2738 689 2780 Hilairae
717 2747 758 2781 et
782 2740 971 2782 Phoebes
999 2741 1172 2783 delubro
1200 2742 1379 2783 duorum
1408 2742 1618 2797 signorum
1644 2740 1818 2784 alterum
1845 2754 1974 2795 quum
2006 2754 2033 2780 e
2065 2741 2192 2780 sacris
2221 2736 2450 2791 virginibus

307 2823 392 2849 una
424 2810 708 2850 exornandum
740 2812 1009 2865 suscepisset,
1055 2826 1204 2853 novam
1234 2820 1373 2854 amota
1417 2819 1553 2854 vetere
1578 2811 1724 2853 faciem
1740 2805 1961 2866 *reposuit3
2001 2810 2111 2852 idem
2151 2821 2250 2847 vero
2290 2807 2448 2846 factura

304 2882 347 2922 in
382 2879 513 2921 altero
543 2895 619 2935 per
647 2882 852 2924 somnium
881 2883 968 2924 visa
997 2890 1056 2924 est
1095 2884 1234 2926 videre
1274 2884 1393 2927 deam
1409 2915 1421 2939 ‚
1461 2897 1566 2940 quae
1607 2898 1650 2925 se
1685 2897 1710 2924 a
1748 2885 1957 2940 proposito
1996 2883 2233 2922 deterreret.
2305 2878 2451 2918 Fictae

304 2959 400 2994 sunt
427 2953 627 2995 eiusmodi
655 2955 910 2995 narrationes
939 2968 963 2996 a
1001 2941 1297 3008 sacerdotibus,
1342 2965 1390 2998 ut
1416 2964 1629 2999 externum
1662 2955 1821 2999 cultum
1857 2957 2029 2997 deorum
2071 2959 2304 2994 constanter
2346 2952 2444 2990 reti-
