2860 3691
1279 352 1611 403 -19-

57 454 61 458 ⁵
136 488 145 494 .
163 468 266 508 ’.Ὦ
205 458 278 557 ζέε
273 451 356 569 ἐ
362 490 551 530 mm
559 481 880 550 mffls
908 484 1033 539 'qw-
1027 482 1149 524 -inter
1167 486 1392 540 mumque
1408 482 1534 528 deum
1553 485 1802 538 intercedat,
1831 485 1896 527 his
1917 483 2065 526 fabulis
2083 482 2269 524 indicari.
2324 479 2514 521 Minerva

39 566 82 589 “⁸
291 558 320 591 ³*
325 559 489 610 {emm
513 561 569 603 Q
594 556 718 614 Ῥω,
758 552 886 611 (ἰωὰ
887 549 1127 599 m
1138 553 1369 614 flunmen,
1408 559 1650 613 purissima
1663 564 1744 600 est
1763 572 1897 613 neque
1940 556 2033 598 ullis
2061 567 2245 611 unquam
2272 552 2512 593 libidinibus

386 680 399 697 ‚2
424 633 469 674 *ἴ
481 629 713 680 mn&
731 626 817 671 led
841 608 1122 685 mpitdut·
1123 627 1366 684 virginit-te
1403 630 1586 685 insignis.
1671 629 1721 670 ld
1759 627 1987 670 luculenter
2032 627 2180 682 probat
2236 626 2347 665 eius
2361 635 2513 663 nomen

0 720 28 751 δ’
210 708 329 767 Ψ
391 755 394 757 ,
512 714 566 752 ⁰⁶·
578 730 592 754 1
607 704 915 756 ’(1110οΜ
940 698 1051 755 flpu‘d
1080 691 1328 742 Home-uin
1324 697 1596 756 reliquosque
1630 703 1871 755 scriptores,
1918 699 2120 754 virginem
2156 695 2345 737 videlicet
2385 694 2513 747 signi-

343 735 523 818 RQ,
580 768 806 811 Bellica
814 769 932 825 virgo
957 767 1066 825 apud
1096 767 1245 811 Silium
1272 771 1501 814 Minervam
1530 770 1710 824 indicam
1739 784 1882 827 graece
1909 777 2080 811 vocatur
2106 767 2318 822 παρθένος
2344 769 2514 820 eiusque

261 857 319 906 ff
379 843 578 900 templum
617 838 844 898 παρθενών
877 839 1076 893 (Panion.
1119 840 1177 891 V,
1215 842 1305 895 ii)·
1292 873 1306 895 ,
1345 840 1456 898 apud
1496 841 1596 885 alios
1634 840 1911 898 μισόνυμφος
1954 848 2228 896 nuncupatur.
2299 836 2511 889 Παλλάς,

283 919 304 934 ’“
379 910 575 966 παλλαξ,
611 908 839 966 2⁸⁶qu&
854 911 1029 953 latinum
1056 910 1277 967 pellex,
1286 912 1488 954 eiusdem
1519 920 1641 953 notae
1668 914 1835 955 fuerunt
1863 914 2155 969 antiquissimis
2193 910 2445 965 temporibus
2474 918 2514 950 et

364 985 571 1041 puellam
595 984 684 1025 sive
706 982 924 1039 virginem
951 982 1232 1038 significarunt
1248 1011 1262 1036 ‚
1297 982 1410 1038 quod
1434 982 1531 1023 Tib.
1557 982 1884 1026 Hemsterliusius
1912 992 2029 1027 acute
2057 984 2232 1025 coniecit
2259 982 2310 1023 ad
2333 982 2515 1035 Lennep.

352 1044 536 1135 {Etynm
549 1070 611 1110 p.-
609 1052 720 1107 543.
754 1053 963 1109 Explicat
993 1053 1165 1113 Photius
1192 1056 1288 1095 Lex.
1319 1061 1360 1094 et
1387 1055 1528 1109 Etym.
1561 1055 1622 1095 M.
1652 1054 1880 1108 παλλακίς,
1919 1053 1945 1109 ἦ
1989 1059 2104 1104 παῖς.
2136 1079 2192 1087 -
2264 1047 2512 1094 nandum·

350 1137 359 1187 j
380 1120 616 1180 μειράκιον.
646 1124 827 1180 Hesych.
854 1125 940 1168 Cfr.
966 1125 1171 1168 Eustath.
1189 1125 1259 1165 ad
1271 1125 1324 1165 11.
1352 1140 1395 1181 p.
1417 1125 1487 1178 84,
1521 1126 1587 1167 55.
1615 1140 1675 1182 sq.
1734 1126 1810 1167 llla
1840 1128 2065 1167 nominatio
2093 1127 2379 1181 antiquissimis
2406 1132 2512 1166 tem-

379 1198 564 1255 poribus
572 1198 659 1239 sine
683 1196 812 1238 dubio
837 1196 1063 1237 honorifica
1085 1196 1321 1252 paulatim
1310 1212 1351 1238 in
1382 1198 1532 1240 malam
1559 1198 1890 1255 significationem
1925 1198 2036 1241 abiit.
2092 1198 2211 1249 Vide,
2245 1212 2349 1253 quae
2369 1197 2510 1251 dispu-

378 1272 556 1311 tavimus
583 1271 627 1309 in
654 1267 905 1311 Dissert.·de
933 1267 1102 1308 Cratino
1132 1276 1173 1309 et
1200 1270 1310 1326 Eup.
1344 1285 1385 1324 p.
1414 1268 1480 1322 46.
1537 1269 1657 1310 Aliae
1694 1271 1847 1311 formae
1888 1284 1913 1310 a
1946 1271 2222 1325 grammaticis
2263 1270 2507 1317 laudantur,

365 1336 805 1387 'veluti'ndssavtec‘
822 1334 866 1380 οῖ
892 1339 1005 1390 νέοι,
1046 1346 1094 1379 ut
1124 1339 1357 1380 Philistidoe
1385 1340 1483 1381 dicit
1508 1341 1618 1396 apud
1645 1341 1837 1381 Eustath.
1868 1342 1895 1386 l,
1924 1356 1958 1386 c.
1989 1349 2030 1382 et
2067 1341 2296 1383 sacerdotes
2338 1341 2405 1395 (ut
2441 1354 2513 1395 par

380 1416 465 1466 est,
492 1413 721 1465 Minervae)
751 1407 1243 1466 νὶτςίηοοπαλλάδες
1270 1412 1380 1466 a'pud
1405 1413 1649 1453 Strabonem
1677 1415 1813 1453 XVII.
1840 1428 1882 1468 p.
1911 1414 2003 1458 601.
2029 1420 2243 1456 vocantur.

492 1485 580 1527 lam
599 1497 699 1525 vero
716 1491 763 1524 ut
775 1482 827 1523 ad
846 1483 931 1538 ipsa
946 1483 1287 1524 Minervaesacra
1302 1490 1572 1536 transeamus,
1589 1491 1747 1524 constat
1765 1483 1876 1524 illam
1896 1484 2013 1524 deam
2032 1491 2073 1524 et
2090 1499 2114 1524 a
2136 1482 2514 1525 Graecis-omnibus

381 1564 422 1598 et
450 1556 504 1597 ab
525 1554 864 1606 Atheniensibus,
893 1567 1070 1610 quorum
1100 1553 1192 1595 urbi
1228 1541 1377 1595 nomen
1404 1554 1562 1596 dedisse
1586 1555 1741 1607 fertur,
1770 1571 1894 1612 quam
1923 1556 2220 1611 religiosissime
2250 1555 2401 1596 cultam
2429 1568 2516 1595 esse

381 1630 562 1683 festaque
590 1629 633 1667 in
662 1626 761 1665 deae
790 1625 988 1665 honorem
1015 1625 1199 1667 instituta
1239 1627 1295 1666 ita
1333 1626 1385 1666 ab
1416 1626 1734 1669 Atheniensibus
1763 1627 1967 1669 celebrata
2005 1642 2091 1668 esse
2106 1658 2119 1679 ‚
2156 1636 2202 1668 ut
2241 1626 2338 1666 inde
2370 1633 2515 1665 natura

382 1703 466 1741 eius
494 1698 610 1740 facile
637 1698 812 1753 perspici
839 1698 989 1752 possit.
1032 1698 1139 1737 Nam
1168 1697 1526 1752 in'panathenaeis
1554 1702 1686 1754 primo
1714 1700 1781 1740 die
1808 1701 2075 1741 constitutum
2113 1708 2221 1751 erat,
2269 1707 2316 1738 ut
2356 1701 2398 1737 in
2434 1699 2515 1737 Mi-

381 1786 532 1812 nervae
559 1771 758 1809 honorem
785 1768 839 1808 ab
866 1768 1101 1807 hominibus
1143 1768 1271 1807 faces
1290 1781 1477 1808 accensas
1514 1771 1762 1823 gestantibus
1799 1786 1941 1812 cursus
1983 1779 2189 1825 equestres
2229 1772 2271 1809 in
2302 1770 2514 1809 Ceramico

381 1843 690 1882 instituerentur
723 1839 1047 1894 (λαμπαδοῦχος
1074 1834 1190 1891 ἀγών
1218 1840 1304 1878 sive
1336 1838 1710 1895 λαμπαδηφορία).
1780 1841 1969 1882 Eundem
1996 1841 2138 1882 ludum
2174 1848 2403 1895 susceptum
2431 1853 2516 1880 esse

381 1918 424 1955 in
453 1913 650 1954 honorem
676 1911 981 1952 Promethei·et
1011 1909 1212 1958 Vulcani,
1244 1911 1314 1965 qui
1344 1924 1438 1949 cum
1467 1912 1654 1952 Minerva
1688 1919 1830 1967 suapte
1858 1920 2005 1954 natura
2036 1913 2197 1969 cognati
2227 1919 2322 1954 sunt
2352 1911 2512 1965 (Etym.

382 1987 443 2027 M.
476 2001 511 2027 s.
540 2000 581 2028 v,
613 1979 818 2038 ι’κόνιον),
849 1983 998 2022 diserte
1027 1990 1164 2022 monet
1192 1981 1409 2021 scholiasta
1438 1982 1490 2021 ad
1520 1982 1734 2036 Aristoph.
1766 1983 1872 2022 Ran.
1912 1985 2003 2024 131.
2034 1984 2099 2024 his
2137 1985 2297 2034 verbis,
2346 1986 2519 2035 λαμπα-

382 2056 611 2112 ὃηδρομάιι
640 2053 686 2096 δὲ
715 2052 898 2106 γίνονται
926 2055 1038 2105 τρεῖς
1071 2051 1117 2093 ἐν
1146 2052 1206 2107 τῷ
1227 2052 1511 2108 Κεραμεικῷ,
1534 2046 1752 2106 Ἀθηνᾶς,
1777 2042 2045 2108 “Ηφαι’ὰτου,
2086 2055 2370 2108 Προμηθέως.
2429 2054 2516 2094 Cfr.

382 2130 626 2184 Harpocrat.
668 2141 702 2167 s.
740 2140 782 2165 v.
811 2119 1019 2174 Λαμπάς.
1077 2124 1171 2175 Qua
1208 2124 1258 2163 de
1304 2138 1424 2163 causa
1460 2125 1645 2163 Minerva
1681 2126 1869 2166 Lucifera
1912 2135 2082 2166 vocatur
2122 2124 2388 2180 (φωσφόρος.
2443 2125 2518 2164 cfr.

381 2198 572 2242 Eustath.
604 2197 656 2237 ad
693 2195 778 2236 Od.
805 2210 849 2249 p.
886 2194 1019 2246 1386,
1055 2209 1092 2235 1.
1123 2194 1206 2235 Od.
1243 2203 1306 2246 ψ,
1336 2193 1472 2246 α44.),
1517 2207 1686 2247 eamque
1728 2196 1930 2235 Homerus
1972 2199 2091 2250 igneo
2135 2210 2259 2234 curru
2300 2196 2516 2234 vehentem

382 2272 511 2310 finxit.
568 2268 616 2308 ll.
650 2280 697 2319 ε,
728 2266 822 2321 745.
845 2272 885 2305 et
904 2264 1095 2308 Eustath.
1125 2264 1176 2305 ad
1198 2264 1243 2304 h.
1261 2264 1289 2307 l.
1318 2273 1359 2304 et
1387 2265 1447 2313 θ,
1484 2263 1579 2317 589.
1642 2265 1725 2307 Cfr.
1746 2265 1956 2307 Welcker.
1987 2269 2027 2306 in
2057 2267 2185 2315 libro,
2222 2267 2300 2305 Die
2322 2265 2515 2319 Aeschyl.

382 2340 538 2394 Trilog.
570 2336 839 2378 Prometheus
885 2349 924 2387 p.
973 2347 1067 2374 120.
1141 2334 1359 2374 Praeterea
1403 2349 1446 2374 m
1491 2334 1653 2388 templis
1683 2337 1870 2375 Minerva
1897 2338 2004 2390 vigne
2042 2345 2240 2391 perpetuo
2280 2336 2514 2382 colebatur,

381 2411 510 2461 unde,
540 2422 644 2463 quae
664 2408 725 2447 vis
744 2407 830 2446 eius
850 2406 917 2455 sit,
950 2412 1087 2458 aperte
1112 2405 1373 2459 significatur.
1435 2406 1483 2444 In
1512 2405 1720 2447 nonnullis
1748 2421 1847 2447 vero
1878 2407 2111 2447 civitatibus
2140 2408 2378 2460 praesertim
2409 2405 2516 2458 apud

382 2481 641 2533 Megarenses
670 2477 912 2530 cognomine
941 2472 1112 2515 Αἴθωα
1143 2473 1330 2514 aetherea
1368 2476 1453 2515 sive
1498 2478 1615 2532 ignea
1659 2485 1808 2519 natura
1850 2486 1961 2519 extra
2010 2493 2175 2518 omnem
2220 2478 2517 2518 dubitationem

383 2554 565 2607 ponitur.
622 2550 730 2588 Vide
759 2549 937 2590 Pausan.
971 2534 1095 2586 Att'ic.
1127 2546 1235 2597 V,-5
1267 2554 1307 2586 et
1334 2548 1446 2600 XLI,
1474 2548 1518 2589 6.
1578 2549 1646 2589 Ad
1675 2564 1799 2603 quam
1826 2564 1913 2590 rem
1942 2549 2225 2590 illustrandam
2255 2548 2516 2589 conferantur

384 2623 490 2672 loci,
531 2635 634 2675 quos
662 2623 727 2660 vir
770 2620 1037 2667 clarissimus,
1074 2616 1346 2666 Welckerus‚
1391 2622 1604 2673 proposuit
1634 2628 1674 2661 et
1712 2620 1928 2676 explicavit
1967 2621 1994 2662 l.
2039 2635 2076 2662 c.
2118 2636 2155 2675 p.
2194 2634 2286 2675 279.
2357 2619 2517 2660 Eodem

384 2695 549 2734 nomine
575 2698 835 2746 nuncupatur
863 2692 905 2730 in
936 2688 1449 2744 LycophronisCasandra
1483 2692 1578 2747 359·

644 2757 705 2802 ‘H
728 2759 860 2803 πολλὰ
892 2757 944 2812 δή
974 2758 1216 2811 Βούδειαν,
1244 2749 1465 2812 Λίθων,
1495 2759 1672 2815 Κόρην,

386 2840 428 2880 in
462 2835 609 2892 quibus
641 2832 887 2889 explicandis
913 2832 1015 2874 mire
1044 2838 1221 2887 nugatur
1252 2830 1480 2883 scholiasta.
1512 2834 1596 2876 Cfr.
1617 2836 1794 2879 Pausan.
1814 2839 1847 2885 Ι,
1881 2838 1919 2885 5,
1947 2836 2013 2888 41.
2071 2838 2243 2881 Aristot,
2275 2838 2325 2877 de
2353 2835 2519 2875 animal.

388 2912 430 2963 5,
459 2910 529 2951 60.
590 2907 708 2947 Falsa
738 2912 873 2945 autem
902 2912 961 2945 est
988 2904 1265 2959 interpretatio
1295 2918 1437 2946 eorum
1456 2935 1468 2957 ,
1496 2908 1593 2960 qui,
1623 2923 1750 2962 quum
1779 2910 1829 2948 de
1857 2910 2042 2948 Minerva
2069 2924 2202 2949 sermo
2231 2917 2309 2958 est,
2340 2906 2517 2945 αἴθυιαν

369 2983 551 3037 fulicam
587 2980 672 3021 sive
693 2989 864 3030 mergum
898 2974 1123 3033 significare
1150 2975 1412 3017 contendant.
1471 2976 1736 3030 Sententiam,
1766 2995 1889 3034 quam
1921 2994 1994 3020 nos
2025 2983 2300 3034 exposuimus,
2333 2985 2516 3016 veterum

388 3052 747 3110 grammaticorum
775 3047 1013 3088 auctoritate
1042 3047 1222 3097 firmari,
1258 3046 1498 3102 intelligitur
1534 3063 1581 3089 ex
1618 3049 1825 3091 Eustathii
1854 3050 1944 3092 loco
1979 3051 2031 3091 ad
2070 3051 2152 3090 Od.
2201 3066 2243 3104 p.
2282 3048 2386 3090 1385
2403 3078 2414 3099 ,
2443 3046 2511 3087 66.
