2860 3691
1302 297 1643 340 ...11—

220 460 246 464 A.
270 463 273 465 ,
254 418 352 468 ⁶,
376 414 588 463 milam
590 417 999 474 mm.
1054 418 1182 461 fluoe
1207 432 1339 462 unum
1372 427 1417 463 et
1455 420 1763 463 mennatum
1776 418 1914 462 stilum
1930 447 1946 473 ‚
1990 434 2114 475 quem
2151 420 2390 461 hieraticum
2433 434 2519 461 non

195 474 223 508 ν’·
284 507 353 543 ‚qs
384 480 735 559 &burm
748 492 1017 542 memnona.
1060 493 1103 532 in
1133 493 1349 544 Minerva,
1393 499 1443 534 ut
1474 506 1552 547 pur
1586 499 1674 545 est,
1718 492 1953 547 invenimus
1988 490 2283 543 observatum,
2330 492 2518 545 quamvis

296 568 377 629 ζ,
499 604 502 605 ⁷
700 561 744 604 ‘ri
771 560 982 607 offendere
1010 571 1053 605 et
1078 561 1254 605 laedere
1254 564 1470 606 vide-tun
1520 563 1667 619 Neque
1692 568 1855 619 poterat
1872 562 2087 617 quisquam
2107 568 2269 618 praeter
2289 561 2518 603 Lucienum

279 591 322 701 ,Ξ
431 628 585 673 οαὼο
613 625 825 678 Minervae
849 647 990 696 annm
1016 643 1183 690 capta-re
1207 635 1372 677 iocandi
1392 642 1521 691 utque
1544 633 1742 687 ludendi,
1771 635 1852 674 nisi
1878 634 1950 688 qui
1979 634 2022 673 in
2050 634 2281 689 cognitione
2308 632 2516 689 religionis

324 701 364 733 -ῗ«
383 702 638 746 Graecorum
664 714 820 755 meet-
825 711 966 761 unet,
995 706 1072 749 etei
1100 706 1289 763 'equidem
1316 721 1402 750 non
1430 706 1734 759 dubitaverim,
1769 706 1870 763 quin
1891 706 2096 757 Lucieno,
2136 707 2228 746 viro
2256 707 2512 754 acutissimo,

290 772 504 836 Quium
531 776 730 819 irridwdi
746 773 1058 821 effluetndme
1083 778 1156 819 id
1150 793 1401 831 pennatum
1439 779 1584 824 fuerit,
1618 780 1705 816 niti
1748 788 1915 819 omem
1948 779 2188 835 primariam
2223 778 2438 820 hominum
2475 782 2517 820 et

363 845 596 889 notionem
620 853 671 888 et·
688 848 976 905 wgihfioeem
1002 848 1255 906 imaginibus
1276 866 1324 892 ex
1355 865 1494 891 rerum
1520 859 1666 889 natura
1684 853 1927 904 depromtis.
1986 850 2048 889 Ex
2083 850 2374 905 antiquissimis
2407 850 2515 889 enim

338 955 345 965 ι,
380 917 647 973 impribus
653 918 804 974 ¹08¹ssss
829 921 1052 963 consutum
1078 927 1140 963 est
1164 927 1207 963 et
1234 919 1296 963 lex
1325 936 1350 962 a
1382 920 1634 961 Graecorum
1665 922 1885 962 artificibus
1924 932 2137 975 nunquam
2166 920 2379 976 neglecta
2412 932 2518 974 quae

370 987 615 1028 mamam
643 989 731 1029 sine
757 989 872 1044 galea
897 992 1078 1047 conspici
1109 1004 1192 1032 non
1221 992 1400 1046 patitui-3
1435 992 1552 1032 euius
1582 992 1641 1031 rei
1677 991 1720 1031 id
1758 992 1826 1032 vel
1859 993 2083 1034 maximum
2111 998 2397 1046 argumentum
2426 998 2488 1031 est
2502 1019 2515 1042 ‚

382 1058 495 1113 quod
523 1063 680 1100 statuae
708 1061 921 1102 Minervae
947 1061 1074 1102 nullis
1105 1075 1239 1118 neque
1268 1061 1361 1104 telis
1398 1077 1533 1119 neque
1567 1064 1690 1104 armis
1728 1063 1935 1117 ceteroqui
1977 1063 2152 1117 insignes
2169 1094 2180 1110 ‚
2224 1063 2336 1116 galea
2376 1070 2512 1102 tamen

384 1144 467 1170 non
497 1138 663 1183 carent,
695 1134 753 1172 ita
782 1140 857 1180 ut,
888 1135 923 1173 si
950 1136 1168 1189 scriptores
1199 1134 1403 1176 inferioris
1432 1143 1580 1186 notae,
1609 1134 1734 1176 Silius
1767 1133 1930 1177 italicus
1949 1134 2147 1175 Punicor.
2173 1136 2271 1182 Vll,
2305 1134 2399 1186 460,
2431 1135 2515 1174 Co-

384 1203 550 1257 luthus,
584 1205 679 1254 alii,
711 1207 940 1247 Minervam
968 1222 1013 1248 ex
1044 1208 1202 1263 proelio
1229 1208 1420 1266 reducem
1447 1208 1534 1248 sine
1562 1207 1677 1263 galea
1700 1205 1831 1263 epulis
1851 1209 2045 1247 interesse
2065 1206 2314 1247 carminibus
2332 1206 2513 1254 tradunt,

386 1276 465 1317 hac
493 1279 580 1332 ipsa
607 1293 654 1319 re
680 1293 869 1334 magnam
897 1284 938 1320 in
966 1282 1209 1335 antiquitate
1251 1280 1530 1337 cognoscenda
1568 1280 1812 1335 imperitiam
1849 1279 2080 1320 luculenter
2115 1278 2348 1329 declarent,
2396 1292 2518 1332 seque

383 1350 424 1388 in
453 1349 728 1405 mythologiae
759 1350 918 1406 legibus
950 1353 1190 1393 adhibendis
1218 1367 1357 1395 caecos
1382 1367 1469 1395 esse
1497 1352 1688 1407 prodant.

495 1421 859 1465 considerantibus
889 1425 1008 1466 nobis
1030 1424 1218 1466 laudatos
1239 1425 1365 1477 loeus,
1396 1440 1420 1466 e
1451 1426 1623 1466 diversis
1639 1424 1890 1480 temporibus
1908 1426 2068 1479 petitos,
2085 1422 2272 1464 miranda
2299 1421 2516 1463 videbatur

382 1495 717 1550 &antiquorum
744 1502 787 1537 et
814 1498 1086 1539 recentiorum
1114 1498 1381 1554 interpretum
1409 1512 1555 1554 magna
1583 1498 1807 1548 dissensio,
1836 1500 1907 1551 qui
1939 1504 2100 1535 tantum
2128 1496 2323 1543 aberant,
2356 1502 2403 1533 ut
2432 1495 2516 1532 sin-

381 1565 563 1617 gularem
591 1565 771 1607 colorem
798 1581 898 1608 voce
926 1565 1110 1620 γλαυκός
1136 1570 1351 1624 significari
1379 1570 1679 1618 existimarent,
1721 1576 1768 1607 ut
1795 1570 1919 1607 etiam
1956 1581 2098 1607 omnes
2140 1566 2295 1607 colores
2310 1596 2322 1618 ‚
2368 1567 2518 1620 partim

382 1635 562 1689 singulos
590 1644 630 1676 et
662 1651 823 1689 meros,
863 1639 1015 1692 partim
1043 1639 1158 1679 vario
1187 1640 1310 1680 modo
1336 1641 1441 1680 inter
1471 1655 1514 1680 se
1540 1641 1779 1680 commixtos
1812 1638 2086 1692 intelligerent
2104 1668 2116 1689 ,
2161 1639 2311 1692 partim
2357 1637 2517 1676 sublata
2541 1628 2549 1633 ”

381 1709 493 1747 omni
515 1707 665 1749 coloris
691 1711 860 1750 notione
883 1709 1052 1751 terroris
1068 1712 1154 1751 sive
1182 1711 1365 1752 horroris
1396 1712 1570 1765 speciem
1592 1710 1763 1749 indicari
1786 1709 2091 1759 contenderent,
2122 1717 2242 1762 prout
2265 1708 2519 1763 singulorum

383 1778 567 1819 locorum
594 1793 736 1819 sensus
766 1781 937 1820 suadere
969 1781 1202 1822 videbatur.
1262 1782 1328 1823 Illi
1352 1797 1467 1833 vero,
1496 1783 1584 1836 qui,
1614 1780 1762 1821 coloris
1790 1781 1833 1819 vi
1861 1779 2060 1834 neglecta,
2090 1779 2195 1819 nihil
2220 1781 2297 1818 nisi
2320 1787 2520 1818 terrorem

385 1849 583 1889 declarari
613 1859 851 1903 autumant,
891 1854 1047 1908 egregie
1076 1854 1176 1893 mihi
1204 1854 1397 1896 videntur
1424 1868 1584 1903 errare,
1626 1852 1737 1908 quod
1755 1882 1767 1905 ,
1808 1866 1903 1892 cum
1939 1852 1998 1892 rei
2027 1853 2152 1906 ipsius
2184 1866 2306 1891 causa
2336 1865 2522 1905 superse-

383 1920 529 1970 deant,
572 1935 619 1960 ea
645 1929 831 1974 tantum,
875 1938 980 1977 quae
1009 1926 1050 1964 in
1080 1923 1224 1964 effectu
1253 1926 1384 1979 posita
1413 1934 1533 1974 sunt,
1574 1925 1849 1964 considerant.
1910 1923 2029 1963 Conf.
2062 1923 2189 1962 schol.
2226 1924 2277 1962 ad
2308 1923 2431 1962 Hom.
2466 1923 2516 1963 Il.

382 2004 418 2040 ε,
449 1990 545 2042 422.
614 1991 781 2030 Etenim
827 1991 1018 2041 leonum,
1063 1994 1313 2045 draconum,
1354 1993 1519 2043 felium,
1567 2003 1810 2035 noctuarum
1850 1994 1958 2034 oculi
2003 1994 2199 2033 candente
2228 1993 2387 2042 colore,
2432 2008 2517 2047 quo

383 2062 587 2115 refulgent
603 2093 613 2109 ‚
648 2065 734 2102 sive
754 2065 872 2117 igneo
901 2063 1049 2104 obtutu
1076 2073 1275 2104 terrorem
1301 2074 1498 2117 movent3
1527 2069 1632 2106 inest
1660 2074 1795 2106 autem
1822 2064 2023 2105 vocabulo
2051 2065 2294 2116 γλαυκῶπις
2324 2066 2518 2118 primaria

383 2142 423 2172 et
451 2135 615 2187 propria
643 2134 881 2187 significatio
902 2135 1128 2189 splendoris
1159 2139 1245 2176 sive
1273 2136 1464 2178 candoris
1484 2168 1495 2190 ,
1537 2137 1721 2176 derivata
1749 2143 1789 2176 et
1815 2135 2012 2176 translata
2043 2135 2208 2174 terroris
2228 2164 2240 2186 ,
2283 2135 2391 2188 quod
2428 2135 2514 2174 Ho-

388 2220 522 2246 merus
554 2206 618 2244 his
650 2206 783 2246 verbis
812 2209 1004 2261 expressit
1034 2208 1084 2247 11.
1115 2222 1156 2259 a,
1193 2222 1284 2262 199.

1724 2276 1878 2318 αὐτίκα
1911 2278 1951 2318 δ’
1983 2273 2090 2328 ἔγνω

863 2348 1061 2391 Παλλάδ’
1091 2350 1346 2405 Ἀθηναίην·
1406 2346 1531 2390 δειναὶ
1567 2348 1615 2389 δέ
1654 2345 1693 2389 οῖ
1724 2341 1824 2390 ὄσσε
1866 2348 2091 2403 φάανθεν,

383 2419 425 2458 id
455 2428 514 2459 est
536 2450 547 2472 ,
582 2428 627 2461 ut
652 2421 892 2463 Eustathius
921 2424 973 2462 ad
1003 2424 1044 2465 h.
1077 2424 1106 2463 l.
1134 2424 1352 2475 observat,
1384 2419 1735 2472 δυσαντίβλεπτοι
1770 2420 1828 2476 τῷ
1851 2416 2050 2471 Ἀχιλλεῖ
2079 2415 2335 2474 ἐμφάνησαν
2373 2416 2413 2458 οἱ
2445 2417 2518 2471 τῆς

382 2488 563 2544 Ἀθηνᾶς
593 2491 824 2546 ὀφθαλμοί.
882 2494 967 2534 Alii
996 2497 1130 2535 minus
1157 2494 1423 2549 probabiliter
1451 2493 1577 2532 verba
1605 2493 1942 2545 interpretantur.
2006 2490 2114 2530 Vide
2143 2490 2269 2532 schol.
2299 2490 2351 2529 ad
2380 2490 2423 2530 h.
2452 2490 2482 2530 l.

492 2562 580 2601 lam
598 2577 696 2604 vero
718 2578 811 2603 cum
832 2567 964 2604 omnis
981 2565 1173 2621 splendor
1191 2564 1367 2605 colorem
1389 2564 1592 2619 quendam
1614 2563 1783 2614 indicet,
1816 2577 1909 2603 eum
1936 2561 2114 2603 colorem
2135 2563 2387 2616 potissimum
2407 2564 2519 2617 cogi-

382 2640 512 2672 temus
540 2646 702 2674 necesse
733 2643 816 2685 est,
845 2639 916 2690 qui
945 2650 990 2675 ex
1023 2638 1147 2690 ignis,
1179 2637 1300 2689 solis,
1330 2636 1451 2676 lunae
1480 2650 1734 2691 auroraeque
1761 2634 1886 2677 radiis
1914 2643 2075 2676 exortus
2112 2637 2155 2675 in
2194 2643 2382 2675 nostrum
2419 2650 2520 2674 con-

383 2709 564 2756 spectum
593 2705 721 2743 venit.
779 2706 864 2757 Qui
889 2707 1002 2746 color
1028 2707 1290 2747 multifariam
1308 2708 1483 2761 speciem
1501 2722 1598 2763 prae
1618 2722 1660 2749 se
1691 2708 1797 2749 ferre
1828 2716 1974 2764 potest,
2004 2709 2152 2762 partim
2170 2706 2363 2761 pallidior
2392 2715 2438 2746 ut
2468 2708 2516 2746 ad

383 2772 659 2815 albetudinem
690 2774 773 2815 fere
800 2784 1005 2828 transeat,
1035 2779 1183 2830 partim
1211 2778 1264 2817 ad
1292 2778 1455 2818 ruboris
1476 2779 1786 2820 similitudinem
1807 2779 1972 2819 accedat
1988 2808 2000 2827 ‚
2032 2779 2149 2819 sicuti
2171 2778 2281 2833 apud
2303 2780 2515 2831 scriptores

383 2842 531 2885 latinos
560 2844 706 2886 coloris
735 2850 929 2901 purpurei
951 2851 1064 2889 notio
1092 2851 1133 2889 in
1163 2857 1276 2889 tanta
1300 2851 1496 2890 varietate
1522 2857 1725 2901 versatur,
1756 2858 1805 2892 ut
1832 2850 1883 2891 de
1910 2849 2118 2900 oloribus,
2149 2850 2274 2901 rosis,
2305 2849 2513 2904 sanguine,

385 2913 504 2955 violis
523 2923 563 2956 et
592 2918 695 2958 mari
715 2926 946 2972 usurpetur,
972 2935 1098 2973 quem
1123 2921 1235 2961 colei
1237 2935 1300 2960 em
1323 2935 1571 2975 purpureum
1592 2923 1763 2963 diversis
1782 2922 2034 2977 temporibus
2052 2922 2258 2963 diversum
2282 2920 2402 2960 fuisse
2420 2933 2515 2974 pro·

383 2986 481 3026 bare
508 2987 643 3030 studet
672 2989 731 3030 La
760 2990 892 3031 Cerda
923 2991 975 3031 ad
1002 2992 1121 3046 Viimg
1153 2994 1299 3047 Georg.
1334 2994 1411 3045 IV,
1441 2993 1536 3047 275·
1595 2992 1710 3033 Idem
1738 2992 1849 3036 valet
1879 2993 1930 3035 de
1959 3006 2056 3035 voce
2086 3006 2229 3048 graeca
2257 2984 2514 3046 ποοφύρεον,
