2860 3691
1250 271 1586 321 ...no-

332 617 488 667 hutae3
518 615 635 655 cuius
665 616 840 655 instituti
868 616 972 654 sacri
1000 627 1165 654 causam
1192 612 1350 654 nullam
1378 611 1667 668 simpliciorem
1703 612 1851 661 viden,
1893 607 2062 654 uum
2088 610 2159 672 ξιξ
2192 587 2573 667 ”afim-A,

332 686 540 725 modatam
569 686 789 737 existimo,
817 686 895 725 nisi
925 698 1050 739 quam
1078 683 1292 725 oculorum
1321 683 1477 725 candor
1508 684 1552 724 in
1584 683 1694 725 hae
1697 683 1765 724 avi
1795 683 2054 738 potissimum
2096 673 2361 744 odulphum
2356 680 2484 731 :⁸180

333 756 469 798 offert.
532 758 762 798 Assentitur
801 757 879 797 hac
925 758 967 796 in
1009 769 1054 796 re
1088 755 1345 796 acutissimus
1378 746 1549 796 Homeri
1584 755 1816 811 interpres,
1853 753 1925 796 Fr.
1959 753 2068 809 Aug.
2097 751 2304 805 Wolfius,
2339 743 2484 807 &dein

335 832 387 870 de
419 844 542 870 causa
577 831 807 869 Minervam
842 843 926 868 non
956 829 1061 868 inter
1091 827 1287 882 pulchras
1320 827 1416 867 deas
1445 826 1714 867 referendam
1736 838 1824 867 esse
1854 825 2116 869 contendens.
2175 824 2322 868 Cous.-
2318 817 2507 875 Wolfio,

334 901 627 956 praelectiones
663 900 715 940 de
755 899 938 939 Homero
968 899 1098 940 editas
1133 898 1187 939 ab
1222 898 1389 939 Ustero.
1446 897 1539 939 Vol.
1574 898 1607 948 Ι,
1648 912 1688 953 p.
1731 910 1820 954 ¹⁰9·
1880 897 2023 955 Itaque
2056 899 2102 939 in
2127 896 2227 938 solo
2266 895 2483 945 oculorum

336 972 472 1012 colore
517 971 744 1012 similitudo
773 973 1025 1025 societasque
1054 978 1241 1012 versatur
1270 971 1483 1010 Minervae
1513 977 1554 1010 et
1587 977 1790 1021 noctuae3
1832 982 1939 1025 quae
1974 971 2062 1009 avis
2102 968 2308 1024 luffsugaq
2341 968 2483 1025 ⁴terasso
2534 977 2538 981 ⁴

335 1049 375 1082 et
402 1043 519 1097 quasi
554 1042 701 1083 selineo
730 1044 883 1097 capite,
915 1042 1033 1083 brevi
1062 1043 1289 1083 et.adunco
1319 1050 1452 1083 rostro
1481 1043 1733 1097 conspicua,
1756 1049 1958 1083 nocturno
1986 1041 2163 1096 denique
2190 1047 2327 1082 cantu:
2344 1037 2481 1100 omni—

334 1113 412 1153 bus
446 1121 544 1153 nota
560 1143 571 1164 ‚
611 1114 665 1153 ab
694 1113 1010 1167 antiquissimis,
1053 1113 1245 1167 Cecropis
1272 1113 1414 1153 saltem
1431 1142 1443 1165 ‚
1483 1120 1530 1153 ut
1558 1114 1755 1154 traditum
1784 1120 1844 1154 est
1861 1143 1873 1165 ‚
1918 1113 2174 1168 temporibus
2203 1112 2245 1153 in
2280 1111 2481 1167 rupibus,

336 1184 487 1236 quibus
518 1198 589 1222 arx
620 1185 931 1223 Atheniensium
959 1184 1174 1233 firmatur,
1214 1184 1426 1237 indigena,
1467 1199 1491 1224 a
1522 1184 1754 1242 Chaqdlero
1796 1197 1927 1238 nuper
1968 1183 2121 1223 ibidem
2161 1189 2353 1237 reperta,
2398 1194 2481 1235 quo

336 1256 419 1295 alio
451 1258 618 1295 nomine
646 1256 697 1294 ad
729 1256 961 1294 Minervam
993 1255 1120 1294 relata
1150 1256 1228 1305 sit,
1258 1253 1423 1294 difficile
1442 1261 1502 1294 est
1520 1255 1572 1294 ad
1593 1254 1951 1308 persuadendum,
1984 1254 2061 1293 nisi
2080 1266 2173 1293 cum
2193 1253 2283 1293 aliis
2305 1259 2482 1293 statuere

336 1325 494 1379 placet,
537 1325 643 1364 hanc
675 1336 792 1365 avem
823 1330 1040 1379 propterea
1069 1331 1268 1365 sacratam
1302 1338 1412 1379 esse,
1453 1324 1565 1380 quod
1611 1324 1751 1365 felium
1789 1331 1923 1379 partes
1959 1324 2107 1384 egerit,
2152 1330 2218 1375 et,
2261 1324 2481 1378 quominus

334 1397 544 1449 placentae
571 1396 772 1446 mellitae,
803 1396 918 1435 urbis
946 1396 1102 1436 custodi
1132 1397 1295 1435 oblatae
1313 1425 1324 1446 ‚
1356 1411 1380 1435 a
1409 1397 1596 1459 muri-bus
1635 1404 1709 1436 aut
1741 1397 2013 1449 diriperentur
2042 1403 2113 1435 aut
2154 1396 2451 1436 devorarentur
2469 1425 2481 1446 ‚

335 1466 578 1521 impedierit.
639 1467 832 1507 Attamen
863 1481 998 1520 neque
1022 1475 1083 1507 est
1099 1466 1212 1507 bubo
1236 1497 1247 1518 ‚
1275 1463 1407 1519 βύας,
1434 1482 1569 1523 neque
1594 1466 1726 1518 ulula,
1758 1468 1845 1509 avis
1874 1466 1943 1507 illa
1968 1474 2197 1508 monstrosa
2226 1473 2267 1507 et
2300 1466 2451 1508 ferialis
2468 1495 2480 1517 ‚

604 1541 776 1590 tignavus·
815 1538 941 1587 bubo,
973 1539 1110 1579 ditum
1133 1540 1366 1580 mortalibus
1393 1553 1508 1580 omen
1521 1570 1530 1588 ‚

261 1614 267 1622 “
336 1611 457 1650 funus
479 1616 550 1649 aut
571 1609 690 1649 aliam
712 1610 983 1650 calamitatem
1003 1611 1250 1664 portendens
1264 1642 1277 1662 ,
1307 1611 1378 1651 sed
1398 1618 1548 1651 noctua
1577 1611 1712 1651 minor
1732 1618 1772 1650 et
1800 1607 2007 1663 vulgaris,
2037 1604 2187 1660 γλαύξ,
2219 1609 2334 1649 cuius
2360 1623 2482 1662 supra

334 1682 582 1721 mentionem
614 1680 798 1721 fecimus.
856 1681 920 1721 De
951 1695 1032 1735 qua
1061 1682 1127 1722 avi
1155 1681 1274 1730 vide,
1306 1695 1411 1736 quae
1439 1682 1593 1722 monita
1622 1688 1718 1722 sunt
1744 1681 1797 1721 ab
1825 1682 2046 1736 interprete
2073 1695 2219 1737 graeco
2252 1679 2304 1720 ad
2328 1679 2482 1721 Aristo—

333 1753 481 1807 phanis
503 1753 614 1793 Aves
635 1752 733 1805 264.
759 1752 936 1805 (262.).*)
966 1752 1102 1794 Aliam
1123 1760 1162 1795 et
1181 1752 1392 1794 meliorem
1413 1754 1786 1807 interpretationem
1807 1752 1858 1793 de
1876 1760 2026 1794 noctua
2045 1754 2079 1794 si
2099 1753 2179 1794 viri
2195 1751 2482 1807 ingeniosiores

336 1822 553 1878 probatam
573 1822 751 1865 habeant
766 1854 777 1876 ‚
807 1836 897 1865 eam
917 1830 964 1866 ut
985 1836 1145 1866 mecum
1164 1823 1338 1880 benigne
1357 1823 1685 1874 communicent,
1715 1822 1978 1865 vehementer
1999 1829 2160 1879 exopto.
2215 1822 2354 1878 Neque
2384 1836 2482 1865 vero

337 1906 432 1934 cum
467 1894 684 1935 candentes
713 1893 853 1935 oculos
886 1907 909 1935 a
944 1895 1150 1936 veteribus
1181 1896 1390 1936 Minervae
1418 1895 1597 1936 tributos
1625 1906 1710 1936 esse
1739 1907 1954 1948 censeam,
1982 1896 2261 1936 coniecturam
2292 1894 2397 1935 facio
2432 1894 2483 1935 de

336 1973 499 2015 noctua,
516 1965 584 2004 sed
605 1976 726 2019 quem
746 1965 960 2020 permultis
982 1967 1228 2020 scriptorum
1247 1979 1489 2022 graecorum
1502 1966 1602 2006 locis
1622 1965 1992 2005 demonstravimus
2012 1964 2249 2019 glaucorum
2269 1964 2482 2005 oculorum

336 2034 542 2085 colorem,
575 2048 668 2075 eum
699 2044 871 2075 noctuae
905 2036 1015 2076 oculi
1048 2035 1278 2076 luculenter
1312 2037 1599 2091 comprobant.
1656 2036 1804 2087 Quid?
1833 2050 1932 2076 num
1962 2036 2116 2089 Iupiter
2147 2035 2239 2074 ideo
2271 2048 2340 2075 rex
2379 2035 2476 2075 deo-

335 2119 429 2144 rum
462 2113 522 2145 est
552 2106 840 2159 compellatus,
873 2106 984 2160 quod
1016 2114 1174 2145 veteres
1209 2107 1414 2161 aquilam,
1445 2109 1584 2146 avium
1619 2120 1780 2161 regem,
1821 2110 1858 2146 ei
1886 2110 2209 2146 consecrarunt?
2231 2107 2343 2154 ‘nfum
2378 2107 2483 2146 Iuno

335 2185 555 2232 propterea
581 2179 756 2216 maxima
779 2178 986 2217 maiestate
1008 2178 1175 2232 insignis
1199 2186 1274 2229 est,
1305 2177 1415 2232 quod
1445 2177 1575 2216 eidem
1602 2191 1822 2232 pavonem,
1852 2191 1969 2217 avem
1991 2191 2150 2216 summa
2179 2176 2483 2231 pulchritudine

340 2257 379 2287 et
410 2251 618 2288 maiestate
653 2252 877 2303 insignem,
914 2262 1069 2288 sacram
1101 2263 1187 2287 esse
1219 2248 1472 2287 voluerunt?
1501 2250 1683 2287 Minime.
1741 2248 1821 2287 Sed
1847 2263 1942 2287 cum
1967 2251 2124 2303 Iupiter
2151 2250 2203 2286 sit
2238 2262 2331 2295 rex,
2374 2249 2480 2287 Iuno

337 2322 477 2372 regina
514 2320 712 2369 deorum,
760 2321 911 2359 factum
950 2330 1035 2373 est,
1068 2328 1115 2360 ut
1144 2320 1240 2365 huic
1278 2335 1411 2374 pavo,
1451 2320 1512 2359 illi
1551 2319 1688 2374 aquila
1727 2319 1994 2358 tribueretur.
2072 2319 2185 2358 Idem
2230 2318 2282 2358 de
2314 2318 2481 2373 reliquis

334 2390 416 2429 diis
446 2404 669 2444 eorumque
699 2391 822 2444 signis
854 2390 1118 2430 iudicandum
1147 2399 1207 2431 est
1225 2421 1238 2442 ,
1280 2390 1408 2430 veluti
1439 2391 1471 2430 si
1503 2391 1641 2430 Cereri
1673 2390 1759 2443 apis
1799 2389 2023 2439 tribuitur,
2071 2389 2261 2429 columba
2292 2389 2476 2439 Veneri,

340 2461 420 2501 alia
450 2462 556 2501 aliis.
615 2462 709 2501 Non
739 2463 835 2501 item
861 2461 913 2501 de
942 2464 1164 2503 Minerva?
1212 2462 1333 2502 Oculi
1367 2463 1589 2502 certissima
1621 2462 1772 2502 indicia
1803 2462 2000 2516 praebent
2030 2461 2082 2501 de
2112 2461 2288 2501 hominis
2316 2470 2479 2513 mente,

336 2536 391 2573 ita
422 2542 467 2574 ut
501 2537 586 2589 ipsa
619 2537 757 2574 anima
790 2537 830 2573 in
865 2536 914 2574 iis
943 2534 1129 2574 habitare
1159 2542 1198 2574 et
1230 2542 1425 2589 tanquam
1454 2536 1497 2574 in
1537 2534 1702 2589 speculo
1739 2535 1920 2589 conspici
1952 2533 2157 2573 videatur.
2232 2533 2316 2572 Cur
2358 2534 2481 2588 igitur

339 2607 535 2644 miramur
566 2608 770 2659 Graecos,
806 2605 919 2660 quod
948 2607 1159 2645 Minervae
1190 2604 1371 2645 indolem
1405 2613 1529 2660 atque
1560 2611 1752 2644 naturam
1787 2612 1900 2644 certo
1936 2603 2150 2643 oculorum
2188 2602 2324 2644 colore
2357 2605 2480 2658 signi-

383 2791 417 2836 ')
442 2791 483 2824 In
509 2789 580 2823 hoc
607 2790 826 2824 scholiastae
852 2791 933 2825 loco
968 2789 1223 2830 emendando,
1250 2801 1332 2823 cum
1357 2801 1377 2822 a
1400 2788 1595 2823 Dindorfio
1618 2787 1784 2822 nondum
1807 2793 2022 2833 pei-sanatus
2052 2798 2131 2821 esse
2167 2785 2353 2824 videatur,
2390 2783 2480 2818 haec

477 2852 659 2887 coniicio:
688 2864 720 2897 p.
750 2854 829 2897 426,
862 2863 913 2887 10.
940 2851 996 2886 ed.
1027 2851 1135 2886 Dind.
1164 2852 1243 2898 lege
1270 2850 1615 2896 xaaexdssoec—ibid.
1640 2863 1690 2887 ιι.
1719 2850 1800 2897 lege
1825 2846 2196 2897 κικυμίδας.-ί1>ἰι1.
2226 2858 2276 2892 ¹9·
2306 2847 2385 2893 lege
2408 2846 2477 2881 κῦ-

475 2915 609 2963 μινδις
635 2916 716 2962 (cfr.
744 2915 929 2960 Aristoph.
957 2916 1018 2950 Av.
1052 2925 1149 2961 1¹77.
1182 2914 1241 2951 ed.
1278 2914 1388 2949 Dind.
1420 2919 1457 2947 et
1484 2914 1595 2949 schol.
1622 2913 1667 2948 ad
1692 2913 1727 2948 h.
1758 2913 1811 2960 1.).
1831 2932 1872 2942 —
1895 2914 1986 2950 ibid.
2018 2914 2070 2948 13.
2097 2911 2177 2956 lege
2213 2907 2396 2957 κύμινδιν
2433 2921 2478 2944 ex

477 2978 651 3014 Homero.
680 2976 742 3012 cfr.
771 2977 894 3012 Schol.
922 2977 969 3011 ad
995 2977 1035 3011 11.
1062 2977 1105 3018 ξ,
1133 2989 1213 3022 29¹·
1244 2976 1299 3012 ed.
1328 2975 1523 3011 Viuoison.
1985 2963 1989 2966 ’
