2860 3691
1259 274 1323 292 -ιι
1397 257 1457 307 ιι
1525 273 1612 298 -εν

356 385 563 428 Eustathii
596 384 658 426 ad
685 384 809 428 Hom*
839 385 917 426 Od
952 398 993 439 p.
1029 383 1148 437 1451,
1175 383 1249 426 62.
1286 385 1503 431 Accedit
1519 386 1668 430 tertius
1686 379 1814 434 heus
1859 402 1887 430 e
1917 387 2093 450 scholiis
2137 355 2199 433 ad*
2221 378 2354 434 Boius
2369 388 2505 444 zib-e,

358 458 477 511 4223
511 458 554 498 in
581 471 665 513 quo
693 455 785 497 loco
812 455 1149 510 depravatissimo
1174 455 1468 500 consideranda
1497 464 1572 501 αἱ
1586 459 1775 506 σηπίαι
1799 457 1957 513 Μία,
1969 473 2100 518 qnae
2136 462 2306 519 Didymi
2348 473 2502 503 nomn

358 531 472 580 fert3
500 540 753 584 quamquam
779 534 821 566 et
848 525 950 567 haec
983 529 1157 581 pessime
1184 537 1380 592 corrupta
1420 537 1498 572 est.
1554 529 1660 573 sed
1670 529 1878 575 m
1887 530 1983 576 'bei
2015 531 2225 587 iungi-im
2264 534 2507 577 cornisam-⁴·

361 602 625 649 restituetur,
657 600 694 640 si
720 605 764 640 et
790 596 1033 646 scholiastae
1064 598 1223 653 verba,
1253 598 1330 642 και
1354 596 1448 655 γὰρ
1469 597 1506 656 ἦ
1526 595 1773 658 ‚rm
1798 593 2002 648 ndum
2016 603 2099 646 πᾶ
2126 597 2153 658 ἦ
2176 602 2213 646 t'
2232 598 2384 659 ἔφη,
2404 616 2506 647 a„
2583 609 2617 630 ,η

356 671 602 725 γλαυκῶπις
628 669 743 724 ἵζει,
769 672 1072 725 comparaveris
1098 680 1194 711 eum
1223 671 1407 713 lectionis
1433 675 1639 720 varicum
1657 672 1712 715 in-
1717 667 2167 728 muchium
2185 685 2311 731 qnae
2333 675 2529 732 θείμην
2574 721 2577 724 ,

359 749 589 784 vocantur·
577 771 591 794 ‚
617 755 748 797 eaque
775 741 968 783 exhibent
1000 732 1131 795 ἄκρης
1156 742 1258 783 θῖνα
1288 737 1572 796 γλαυκόωον.
1612 737 1826 800 Utoeqno
1839 741 1958 790 loeus
1974 743 2244 801 cumps-eboc
2262 749 2306 786 et
2326 737 2541 800 integat]
2570 755 2573 758 ·

359 816 585 856 sententiae
611 814 782 869 vestigia
809 815 1020 855 continere
1053 813 1266 867 videatur,
1294 827 1443 871 operae
1468 816 1646 870 pretium
1673 821 1776 870 est,
1790 813 1993 872 quidquid
2032 816 2102 856 in'
2100 813 2316 857 alterutro
2354 816 2505 871 probe—>

364 887 446 927 bile
474 886 730 935 inveniatur,
758 883 953 938 colligere
985 891 1027 924 et
1051 886 1317 941 coniungere.
1376 887 1439 927 Ac
1468 891 1647 942 primum
1678 887 1846 944 quiden
1882 889 1928 932 in
1964 886 2207 929 scholiastae
2239 887 2359 935 loco,
2407 882 2435 941 ἥ
2465 889 2503 928 τ’

365 951 500 1009 ἄκρην
530 951 626 997 τινὰ
651 955 921 1007 γλαυκοῖπις,
953 963 1057 1010 quot
1086 957 1242 1006 verba,
1273 964 1338 997 tot
1361 960 1475 997 vitia.
1528 958 1633 996 Nam
1666 954 1873 998 vocem-1⁹
1879 955 1904 1009 ζ
1913 971 1963 999 ει
1991 958 2138 999 iocum
2181 972 2376 1012 poscere,
2421 970 2505 1011 quo

363 1028 517 1069 versari
563 1027 753 1068 Minerva
799 1026 1021 1080 credatur,
1067 1031 1167 1083 quisi
1204 1042 1286 1070 non
1328 1029 1472 1069 videt?
1501 1060 1503 1062 .
1529 1021 1704 1083 ἄκρην
1737 1029 2106 1084 -cornuptissimum
2153 1036 2215 1069 est
2260 1043 2506 1083 sensumque

363 1099 506 1150 tollit;
535 1112 678 1139 veram
706 1098 923 1140 lectionem
952 1100 1148 1152 praebent
1176 1100 1331 1140 scholia
1354 1103 1541 1149 minora,
1568 1112 1694 1153 quam
1712 1099 1988 1153 recipiendam
2011 1099 2254 1139 iudicamus.
2310 1099 2369 1149 τ’,
2397 1099 2508 1152 quod

366 1169 472 1209 nihil
500 1171 543 1209 in
567 1176 709 1209 nostro
738 1168 828 1209 loco
858 1168 994 1208 valere
1022 1174 1181 1221 potest,
1213 1171 1524 1223 praepositionis
1553 1167 1649 1219 ἐπί,
1679 1183 1785 1223 quae
1812 1169 2094 1221 desideratur,
2122 1171 2290 1223 vestigia
2317 1171 2509 1209 servavit.

365 1256 456 1282 τιν
473 1239 500 1281 a'
518 1274 530 1292 ‚
562 1241 673 1296 quod
707 1241 760 1282 ab
790 1255 839 1281 eo
872 1241 1103 1294 profectum
1130 1241 1322 1293 videtur,
1355 1241 1425 1296 qui
1454 1232 1587 1294 ἄκρην
1615 1240 1766 1295 legeret
1787 1272 1799 1293 ,
1829 1241 1870 1281 in
1903 1238 2017 1289 τινὸς
2044 1240 2286 1282 mutandum
2315 1248 2400 1292 est,
2428 1241 2507 1281 nisi

366 1315 411 1353 id
439 1313 606 1353 omnino
636 1312 780 1353 eiicere
804 1311 915 1353 voles
939 1342 952 1363 ,
980 1318 1179 1366 tanquam
1206 1309 1459 1353 inculcatum
1490 1311 1545 1353 ab
1571 1311 1753 1353 indocto.
1810 1312 2073 1366 γλαυκαῖπ
2089 1326 2139 1362 ις
2169 1312 2346 1368 denique
2373 1314 2510 1367 inepta

369 1393 428 1424 est
459 1383 609 1435 lectio;
637 1398 735 1424 nam
766 1398 861 1424 cum
888 1384 1134 1436 γλαυκῶπις
1164 1383 1456 1424 declarandum
1477 1384 1565 1436 sit,
1594 1385 1703 1439 ’ulem
1735 1385 1877 1425 eodem
1903 1384 2160 1437 declaratur,
2189 1386 2300 1440 quod
2329 1386 2508 1440 profecto

366 1471 521 1496 vanum
560 1464 637 1496 est.
699 1455 766 1496 Ad
799 1455 907 1495 hanc
932 1455 1204 1509 corruptelam
1246 1456 1471 1497 sanandam
1509 1457 1665 1498 scholia
1693 1460 1852 1500 minora
1872 1489 1884 1511 ,
1925 1461 2084 1499 etiamsi
2113 1472 2254 1498 veram
2295 1458 2511 1499 lectionem

364 1542 449 1569 non
473 1528 694 1582 praebeant
709 1556 720 1570 .
749 1525 928 1567 multum
956 1526 1100 1567 saltem
1129 1526 1267 1568 valent
1296 1527 1348 1568 ad
1374 1542 1515 1569 veram
1534 1530 1872 1584 investigandam.
1921 1529 2069 1584 ltaque
2088 1543 2178 1570 meo
2199 1530 2350 1570 iudicio
2372 1530 2510 1570 locum

366 1601 425 1639 sic
452 1597 751 1638 restituendum
776 1598 957 1647 suadeo,
1004 1598 1078 1639 καί
1103 1596 1187 1653 γάρ
1229 1596 1256 1652 ἧ
1296 1601 1540 1651 γλαυκῶπις
1582 1599 1660 1640 οὐκ
1706 1598 1793 1639 ἀπὸ
1837 1600 1915 1640 τοῦ
1952 1597 1979 1654 ἢ
2017 1600 2099 1640 ἐπ’
2141 1592 2315 1655 ἄκρης
2358 1596 2508 1649 [τινὸς]

365 1666 743 1723 γλαυκωπιόυ
786 1666 914 1719 ἵζει.
971 1670 1038 1710 Ad
1067 1685 1192 1726 quam
1222 1672 1501 1711 coniecturam
1527 1670 1783 1725 probandam
1820 1671 1977 1722 accedit
1996 1701 2007 1720 ‚
2049 1672 2162 1726 quod
2202 1671 2279 1711 hac
2321 1673 2506 1718 ratione,

367 1757 493 1795 quam
522 1744 650 1781 secuti
678 1755 843 1789 sumus,
894 1749 1004 1782 totus
1032 1741 1147 1782 locus
1179 1741 1420 1783 scholiastae
1459 1744 1680 1784 sententiae
1728 1750 1788 1782 est
1830 1751 2151 1792 consentaneus,
2183 1751 2236 1783 ·at
2280 1744 2401 1797 plane
2439 1751 2511 1782 aut

370 1816 601 1853 contrarius
629 1819 700 1852 aut
732 1811 895 1864 nullus,
927 1815 960 1853 si
990 1812 1103 1853 aliud
1140 1814 1423 1868 qualecunque
1463 1816 1693 1855 statuimus.
1748 1815 1918 1868 Legitur
1949 1816 2060 1854 enim
2100 1822 2190 1869 post
2233 1817 2477 1855 sententiam
2497 1844 2509 1866 ,

370 1898 497 1937 quam
526 1884 746 1923 emendare
784 1887 919 1924 conati
960 1898 1125 1932 sumus,
1169 1884 1246 1924 καί
1282 1878 1417 1925 τᾶλλα
1462 1884 1510 1926 δὲ
1546 1886 1631 1927 τῶν
1668 1883 1877 1927 ἐπιθέτων
1919 1885 2115 1927 ἐπιοῦσιν
2160 1882 2264 1938 ἧμΐν
2307 1881 2513 1939 πάρεστιν

369 1955 477 2011 ὖρᾷν
506 1955 581 1995 οὐκ
613 1952 695 1994 ἀπὸ
727 1954 812 1994 τῶν
838 1949 967 2006 ἱερῶν
997 1950 1138 1994 τόπων
1176 1952 1460 2007 ὠνομασμένοι
1471 1987 1483 2007 ,
1524 1953 1609 1996 α’πὸ
1652 1954 1701 1996 δὲ
1736 1954 1820 1996 τῶν
1845 1955 2047 2007 ψυχικῶν
2083 1954 2316 2008 ἐνεργειῶν.
2384 1955 2514 2010 Atqui

368 2029 549 2082 antiquis
576 2026 833 2081 temporibus
863 2025 1178 2067 Atheniensium
1201 2042 1338 2067 arcem
1354 2025 1623 2080 γλαυκώπιον
1641 2034 1831 2068 vocatam
1851 2041 1936 2068 esse
1953 2055 1965 2078 ,
1993 2040 2115 2080 supra
2135 2027 2516 2068 demonstravimus.

370 2103 516 2155 ltaque
546 2100 625 2140 hoc
655 2112 807 2139 nomen
836 2097 1055 2138 scholiasta
1087 2098 1173 2138 sine
1201 2099 1328 2139 dubio
1355 2100 1543 2154 respexit.
1598 2098 1703 2150 Nos,
1735 2114 1787 2139 ne
1817 2113 1957 2140 sensus
1990 2097 2069 2138 loci
2098 2097 2312 2138 tolleretur
2331 2129 2343 2150 ,
2382 2101 2514 2151 γλαυ-

370 2171 530 2212 >tuimur
559 2173 810 2211 mutavimus
837 2173 879 2210 in
914 2172 1203 2222 γλαυκωπίου.
1259 2172 1321 2210 Ex
1350 2172 1414 2210 his
1445 2170 1562 2210 facile
1590 2170 1853 2224 intelligitur,
1903 2184 2026 2224 quam
2065 2182 2258 2224 perversa
2296 2175 2336 2208 et
2376 2169 2513 2222 inepta

371 2246 425 2285 sit
453 2242 652 2284 sententia
688 2243 969 2295 grammatici,
1015 2242 1085 2295 qui
1128 2241 1358 2281 Minervam
1399 2246 1587 2281 vocatam
1633 2253 1719 2280 esse
1764 2237 2009 2292 γλαυκῶπιν
2054 2238 2348 2289 contenderet,
2400 2240 2512 2293 quod

372 2316 513 2357 sedem
542 2314 711 2355 haberet
740 2315 782 2354 in
813 2313 1066 2367 Glaucopi03
1097 2327 1191 2354 cum
1222 2314 1357 2368 potius
1387 2326 1456 2352 arx
1484 2307 1754 2365 γλαυκώπιον
1782 2310 1988 2366 appellata
2013 2311 2065 2351 sit
2095 2317 2263 2364 propter
2289 2311 2517 2350 Minervam

373 2385 643 2440 γλαυκῶπιν,
676 2386 790 2426 cuius
822 2391 910 2426 erat
940 2386 981 2425 in
1014 2398 1108 2426 arce
1133 2384 1331 2440 templum
1362 2386 1532 2439 insigne.
1592 2382 1672 2423 Sed
1700 2382 1802 2422 haec
1830 2382 2042 2422 hactenus.

486 2457 781 2507 Quaestionem
812 2455 863 2495 de
892 2461 1038 2496 natura
1057 2485 1069 2506 ‚
1100 2469 1205 2510 quae
1234 2456 1372 2495 omnia
1402 2457 1607 2495 contineat
1640 2462 1680 2495 et
1711 2461 1904 2505 tueatur,
1943 2454 1994 2494 de
2024 2455 2109 2494 eius
2138 2453 2179 2493 vi
2210 2454 2448 2506 procreandi
2478 2461 2516 2493 et

372 2545 492 2569 causa
524 2528 717 2583 gignendi
752 2535 792 2568 et
821 2528 1019 2581 augendi,
1051 2529 1321 2582 antiquissimi
1341 2529 1593 2568 Graecorum
1622 2527 1900 2567 moderatores
1928 2534 1968 2566 et
1995 2540 2138 2566 omnes
2164 2525 2353 2578 deinceps
2382 2525 2520 2578 philo·-

375 2600 493 2654 sophi
520 2608 607 2639 tam
636 2599 750 2639 vario
779 2599 904 2639 modo
934 2605 1162 2638 tractarunt
1193 2606 1233 2638 et
1261 2599 1465 2639 illustrare
1493 2600 1631 2638 conati
1661 2606 1778 2650 sunt,
1818 2606 1865 2637 ut
1893 2597 2080 2638 nonnulli
2114 2603 2292 2650 quatuor
2322 2604 2516 2646 naturas,

375 2686 424 2710 ex
462 2671 611 2725 quibus
640 2671 777 2710 omnia
807 2678 995 2710 constare
1025 2670 1235 2723 probabile
1270 2673 1355 2721 sit,
1391 2671 1554 2709 divinas
1585 2683 1670 2709 esse
1698 2676 1915 2720 censeant,
1953 2667 2022 2707 alii
2050 2666 2217 2720 singulis
2244 2667 2518 2720 principatum

376 2742 632 2792 concedant,
665 2741 733 2781 alii
763 2742 939 2796 denique
966 2742 1067 2782 alias
1096 2744 1356 2796 coniungant.
1419 2743 1512 2793 Qua
1541 2743 1593 2781 de
1632 2755 1676 2781 re
1715 2755 1845 2795 quum
1885 2742 1993 2779 inter
2036 2738 2221 2779 homines
2265 2738 2517 2778 doctissimos

376 2817 552 2854 maxima
581 2814 777 2854 dissensio
806 2816 857 2854 sit
888 2822 926 2853 et
957 2814 1225 2867 discrepantia
1245 2843 1257 2863 ‚
1292 2821 1450 2853 constat
1484 2821 1621 2853 tamen
1649 2815 1692 2851 in
1722 2811 1932 2866 principiis
1970 2824 2111 2850 rerum
2149 2808 2438 2861 investigandis
2478 2816 2517 2848 et

374 2886 515 2924 divina
544 2886 724 2940 quadam
752 2893 900 2924 natura
930 2884 1174 2924 exornandis
1206 2885 1382 2924 Graecos
1414 2885 1466 2923 ab
1508 2885 1797 2938 antiquissimis
1835 2883 1932 2923 inde
1974 2880 2228 2936 temporibus
2272 2879 2517 2933 singularem

374 2959 546 2998 deorum
572 2960 655 2999 vim
685 2960 726 2998 in
757 2960 900 3012 spiritu
921 2957 1033 2996 nobis
1051 2958 1286 3009 circumfuso
1307 2959 1486 3009 posuisse
1503 2963 1545 2997 et
1567 2958 1608 2996 in
1631 2957 1717 2997 eius
1739 2954 1934 3009 qualitate
1961 2951 2192 2995 definienda
2214 2950 2519 3007 diligentissime
