2860 3691
399 171 405 176 ,
413 164 536 178 ·······

397 179 433 197 ,255
450 177 461 203 J
472 195 476 198 ,
477 180 521 193 ::::

148 579 152 587 .
264 538 330 609 (332
293 539 671 630 &W
697 541 1147 618 unomen.
1145 550 1229 596 --111
1246 551 1387 594 verbo
1412 546 1530 607 φάθ’·
1549 552 1698 609 iisque,
1744 549 1850 608 quae
1889 552 1987 594 inde
2032 550 2297 602 derivantur,
2343 553 2513 593 eandem

309 600 590 683 {nm
608 624 652 660 et
680 618 849 672 videndi
875 616 1173 677 moris·
1194 623 1463 668 muctam
1494 624 1739 679 reperimus,
1785 622 1912 678 idque
1929 620 2009 663 nisi
2027 622 2113 664 tam
2128 619 2357 679 pei-spicue,
2386 620 2512 677 quam

329 688 417 742 iu
429 687 921 774 Wflbussffgff
922 698 1108 747 ms
1120 702 1183 737 ut·
1200 693 1397 750 rqnh-
1409 696 1662 751 propositam
1687 693 1756 735 vel
1779 694 1845 735 his
1885 692 2119 735 confirmari
2146 693 2264 734 facile
2295 694 2510 749 probetur.

222 769 232 825 j
300 766 349 814 .·,,’
342 748 543 813 EQ
564 759 953 821 'wem-quae
992 764 1118 809 huius
1154 767 1324 823 originis
1363 770 1513 815 sunn—
1530 776 1845 820 nonnunquam
1874 760 2120 805 declaratur
2157 762 2314 818 aliquid
2349 762 2488 804 videri
2497 791 2511 814 ‚

180 832 184 836 ’
278 824 280 827 ”
308 858 336 884 ,γ
339 831 550 888 *δάμη
584 840 628 877 et
656 848 884 891 W,
913 836 1033 879 nuth
1062 839 1223 879 ratione
1249 836 1478 893 splendoris
1513 835 1675 886 habita,
1724 834 1856 877 veluti
1882 831 2120 889 πεφήσεται
2159 825 2335 888 ολεθρος
2362 834 2428 884 (11.
2453 848 2508 887 ρ,

321 903 476 959 155.
478 907 493 958 )
525 904 636 947 idem
664 913 726 947 est
752 902 1104 961 qnodyquonm
1133 907 1230 962 (cfr.
1266 907 1316 951 11.
1343 907 1389 960 δ,
1420 906 1517 961 378.
1544 919 1583 960 ε,
1611 905 1710 959 864.
1747 906 1830 963 867
1837 906 1894 960 .);
1938 919 2240 962 nonnunquam
2286 905 2512 961 splendoris

338 981 386 1026 ·t
461 1020 463 1022 ,
568 955 903 1032 significationem
922 977 1065 1020 eadem
1091 978 1295 1019 vocabula
1321 979 1568 1028 admittunt,
1595 979 1722 1019 veluti
1751 977 1892 1033 ἠέλιος
1920 978 2099 1035 φαέθων
2125 978 2190 1033 (11.
2209 980 2245 1021 λ.
2237 1010 2264 1031 .,
2297 977 2395 1035 735.
2432 978 2508 1021 cfr.

325 1047 413 1097 Ι
430 1046 502 1103 β,
539 1045 640 1103 456.
667 1062 726 1103 χ,
753 1049 824 1094 28.
851 1048 938 1095 Od.
965 1065 994 1105 η
1009 1081 1023 1103 ,
1071 1064 1159 1093 toa.
1164 1048 1213 1107 ),
1257 1065 1556 1105 nonnunquam
1583 1051 1760 1106 denique
1800 1058 1973 1106 utraque
2017 1053 2255 1108 significatio
2291 1054 2513 1095 coniuncta

343 1118 602 1174 κηποι-ς
629 1122 781 1165 etenim
808 1117 926 1176 φάεα
957 1120 1061 1178 (Od.
1089 1136 1138 1174 n,
1180 1121 1263 1176 15.)
1294 1129 1336 1164 et
1361 1119 1502 1163 oculos
1530 1119 1769 1159 indicantet
1795 1118 2067 1174 splendorem.
2129 1120 2235 1160 Huic
2263 1120 2413 1161 rationi
2432 1119 2510 1161 for-

367 1197 473 1232 tasse
500 1198 672 1247 cognata
700 1198 760 1235 est
787 1192 1038 1234 constructio
1064 1207 1183 1234 casus
1210 1195 1347 1247 quarti
1374 1207 1470 1233 cum
1497 1192 1633 1232 verbis
1661 1192 1816 1246 graecis
1830 1218 1846 1242 ‚
1874 1190 2026 1245 quibus
2055 1190 2222 1230 videndi
2250 1192 2353 1230 inest
2383 1191 2512 1245 signi-

286 1270 293 1277 ‘
368 1262 516 1307 ficatio.
548 1262 720 1315 βλέπειν
745 1270 806 1304 est
831 1264 954 1305 oculis
989 1265 1152 1317 videoe3
1190 1265 1297 1306 vinde
1323 1262 1596 1306 derivandum
1625 1269 1686 1303 est
1700 1291 1713 1314 ,
1752 1261 1912 1311 videri,
1961 1262 2085 1301 oculis
2117 1261 2280 1318 aliquid
2302 1261 2510 1302 declamre

368 1336 456 1374 sive
484 1334 619 1375 obtutu
642 1335 805 1391 aliquid
819 1349 926 1391 prae
962 1349 1003 1376 se
1014 1336 1139 1387 ‚serre
1151 1366 1164 1386 ‚
1199 1336 1355 1384 veluti,
1386 1334 1553 1387 βλέπων
1578 1330 1798 1387 ἀστραπὰς
1832 1333 2062 1388 (Aristoph.
2092 1333 2276 1374 Acharn.
2307 1332 2402 1385 541.
2431 1333 2507 1374 cfr.

366 1404 660 1460 Aves1169.),
691 1405 762 1460 qui
791 1403 919 1446 oculis
935 1404 1073 1462 fulgur
1088 1404 1270 1458 emittit3
1299 1404 1380 1454 σῦς
1406 1403 1494 1461 πῦρ
1526 1402 1738 1459 δεδορκώς
1763 1406 1898 1458 (Hom.
1914 1407 1996 1449 Od.
2015 1421 2053 1454 t,
2084 1405 2224 1460 446.),
2251 1419 2351 1459 aper
2375 1406 2512 1461 iguem

369 1477 517 1515 obtutu
542 1476 784 1528 declarans3
817 1474 923 1533 ὄρᾷν
951 1473 1086 1518 α’λκάν
1114 1476 1254 1533 (Pind.
1289 1475 1359 1520 Ol.
1384 1476 1462 1528 IX,
1501 1475 1607 1529 165.)
1625 1506 1638 1529 ,
1668 1478 1845 1531 speciem
1871 1476 2032 1516 roboris
2060 1485 2100 1516 et
2128 1477 2381 1516 fortitudinis
2410 1490 2533 1530 prae‘

367 1563 411 1588 se
436 1548 569 1600 ferre3
611 1551 655 1587 in
687 1563 770 1602 quo
795 1563 942 1603 genere
970 1549 1164 1605 loquendi
1208 1548 1380 1591 verbum
1408 1547 1619 1591 notionem
1646 1547 1814 1589 videndi
1845 1548 2032 1603 exprimit
2063 1548 2230 1602 quidem
2246 1575 2259 1598 ,
2288 1548 2359 1587 sed
2388 1562 2509 1603 gene-

364 1619 504 1660 raliter
531 1628 572 1660 et
599 1622 734 1661 minus
764 1621 971 1663 enucleate
985 1652 998 1674 ,
1027 1622 1172 1678 idque,
1210 1624 1254 1663 ni
1281 1620 1401 1664 fallor
1416 1653 1429 1677 ‚
1457 1623 1628 1664 omnino
1655 1619 1905 1678 intelligitur
1932 1627 2121 1662 veterum
2149 1620 2415 1672 testimoniis,
2461 1630 2508 1661 ut

366 1691 433 1732 vel
460 1691 538 1732 hoc
569 1692 659 1733 loco
687 1692 879 1747 Aeschyli
906 1694 951 1733 in
979 1694 1116 1734 Persis
1152 1708 1221 1749 79.

600 1788 603 1790 ·
1049 1767 1249 1813 Κυάνεον
1274 1770 1314 1811 δ’
1339 1764 1561 1824 ὄμμασι
1589 1769 1842 1813 λεύσσων

1035 1840 1187 1899 φονίου
1220 1842 1439 1899 δέργμα
1469 1839 1793 1899 δράκοντος.

473 1914 702 1970 Lessingius
734 1915 866 1970 (oper.
892 1915 944 1955 T.
974 1915 1106 1967 XIII,
1133 1930 1180 1971 p.
1212 1915 1302 1955 180.
1333 1915 1401 1964 ed,
1433 1917 1570 1957 Berol.
1605 1915 1769 1972 1826.)‚-
1795 1917 1860 1957 vir
1891 1930 2049 1957 summa
2082 1915 2268 1957 doctrina
2307 1924 2505 1969 ornatus,

363 1985 611 2027 vocabulum
638 1989 916 2041 germanicum
942 1988 1039 2041 glan
1068 1988 1251 2040 (glauck,
1281 1987 1435 2041 glaety,
1471 1986 1670 2027 Saxoniae
1685 1987 1869 2028 inferiori
1896 1988 2110 2041 proprium
2126 2017 2138 2039 ,
2168 1987 2280 2042 quod
2308 1987 2360 2028 de
2388 1987 2506 2028 claris

367 2066 411 2099 et
439 2061 569 2099 acutis
596 2059 724 2099 oculis
753 2059 941 2114 usurpari
979 2059 1216 2110 contendit,
1259 2071 1505 2113 magnopere
1533 2057 1791 2098 commendat
1834 2072 1881 2098 ea
1918 2057 1970 2098 de
1998 2072 2118 2098 causa
2135 2088 2146 2109 ,
2187 2059 2299 2112 quod
2336 2074 2506 2113 graecae

362 2132 453 2170 voci
482 2126 666 2183 γλαυκὸς
690 2130 942 2172 simillimum
969 2131 1021 2171 sit
1049 2138 1090 2170 et
1108 2130 1161 2170 ad
1190 2132 1277 2171 eius
1298 2132 1381 2170 vim
1408 2132 1589 2185 proxime
1617 2130 1796 2171 accedat.
1852 2129 1932 2170 Sed
1960 2144 2054 2169 cum
2084 2130 2334 2183 Hagedornii
2367 2130 2504 2171 locum

363 2201 581 2240 emendare
598 2209 639 2240 et
654 2215 851 2241 exornare
865 2208 1052 2255 conetur,
1083 2201 1195 2257 quod
1220 2215 1296 2256 pro
1324 2202 1449 2243 blau
1465 2233 1478 2256 ,
1512 2216 1596 2257 quo
1626 2201 1693 2243 ille
1707 2216 1806 2242 usus
1822 2208 1932 2249 erat,
1962 2202 2063 2254 glau
2082 2202 2289 2241 substituit
2305 2233 2317 2253 ,
2347 2207 2500 2251 nescio,

362 2272 674 2326 splendoremne
711 2273 782 2313 illa
826 2288 932 2324 vox,
963 2287 1088 2328 quam
1104 2273 1271 2326 iaudat,
1311 2274 1461 2315 indicet
1481 2304 1494 2328 ‚
1521 2288 1575 2314 an
1603 2272 1837 2316 caeruleum
1864 2272 2058 2314 colorem.
2116 2275 2160 2314 Si
2190 2274 2300 2314 hunc
2324 2275 2501 2327 iudicat,

362 2358 507 2384 vocem
532 2345 766 2396 reiicimus,
796 2345 859 2384 sin
889 2344 1032 2398 illum,
1072 2345 1261 2385 lubenter
1288 2344 1581 2399 amplexamur.
1641 2346 1688 2385 ld
1734 2359 1834 2386 vero
1871 2346 2132 2386 vehementer
2162 2345 2383 2387 dolendum
2415 2355 2501 2398 est,

363 2416 533 2454 nomina
561 2422 600 2455 et
627 2429 770 2468 graeca
803 2423 843 2455 et
871 2414 1027 2466 latina,
1060 2416 1209 2470 quibus
1238 2415 1393 2456 colores
1422 2417 1724 2470 significantur,
1755 2422 1891 2455 nostra
1924 2423 2055 2455 aetate
2087 2416 2272 2455 nondum
2293 2430 2379 2456 esse
2407 2418 2502 2456 satis

362 2493 549 2526 accurate
577 2486 717 2540 exploi
718 2494 814 2538 ata
846 2501 969 2542 quae,
1004 2488 1129 2529 modo
1159 2496 1326 2529 acutum
1342 2495 1383 2529 et
1402 2487 1639 2543 diligentem
1659 2487 1925 2540 interpretem
1953 2494 2074 2526 nacta
2093 2488 2276 2539 suerint,
2307 2487 2501 2541 singulari

360 2559 520 2597 notioni
553 2566 595 2598 et
630 2560 792 2598 veritati
823 2561 990 2613 propius
1017 2560 1238 2599 adductum
1276 2560 1353 2613 iri,
1399 2561 1488 2601 sine
1516 2558 1601 2599 ulla
1633 2557 1891 2599 dubitatione
1918 2556 2233 2608 affirmaverim
2275 2558 2352 2598 nisi
2381 2560 2498 2613 quis,

361 2628 472 2682 quod
500 2631 634 2670 minus
662 2628 873 2683 probabile
899 2638 960 2670 est
977 2661 990 2680 ‚
1020 2637 1175 2672 veteres
1203 2639 1244 2671 et
1274 2634 1447 2686 optimos
1475 2631 1693 2685 scriptores
1720 2631 1763 2670 in
1783 2630 2030 2685 usurpandis
2058 2628 2261 2670 coloribus
2280 2630 2501 2669 sexcenties

362 2713 550 2739 accusare
564 2699 664 2740 velit
689 2700 972 2756 negligentiae,
1005 2702 1194 2743 undeilla
1209 2702 1453 2757 ambiguitas
1471 2710 1561 2743 orta
1590 2716 1678 2742 esse
1703 2701 1908 2742 videatur.
1940 2702 2201 2754 Quamquam
2226 2706 2323 2740 sunt
2350 2700 2468 2755 plura
2487 2732 2499 2753 ,

361 2779 409 2810 ut
436 2771 590 2811 Gellius
617 2770 666 2810 N.
701 2771 756 2812 A.
794 2772 853 2817 ΙΙ.
885 2772 952 2814 26.
998 2774 1222 2815 rectissime
1253 2774 1427 2824 iudicat,
1462 2773 1502 2813 in
1533 2772 1721 2814 sensibus
1748 2772 1990 2824 oculorum,
2034 2784 2160 2825 quam
2187 2771 2232 2810 in
2263 2770 2399 2811 verbis
2431 2785 2501 2811 vo-

361 2842 558 2897 cibusque
586 2841 1064 2897 colorum‘discrimina3
1105 2847 1244 2900 inopia
1264 2847 1308 2885 in
1335 2844 1461 2885 latina
1490 2843 1633 2899 lingua
1660 2845 1792 2885 maior
1820 2857 1943 2899 quam
1967 2844 2011 2882 in
2037 2856 2196 2897 graeca.

472 2914 553 2956 Sed
582 2922 629 2955 ut
659 2915 739 2955 iam
768 2915 819 2955 ad
850 2917 892 2956 id
914 2946 926 2970 ,
969 2917 1080 2957 unde
1110 2917 1297 2971 disgressi
1325 2930 1488 2964 sumus,
1538 2915 1781 2967 redeamus,
1830 2927 2033 2954 summam
2065 2913 2188 2953 huius
2214 2912 2498 2967 disputationis

365 2999 455 3025 eam
485 2987 727 3036 statuimus,
768 2994 814 3027 ut
846 2989 937 3028 voci
965 2984 1144 3040 γλαυκὸς
1168 2986 1354 3028 flammae
1381 2988 1555 3042 speciem
1586 2994 1627 3027 et
1656 2987 1846 3027 candoris
1886 2985 2220 3040 significationem
2240 3013 2243 3015 v
2263 2983 2496 3036 primariam

361 3059 493 3097 inesse
523 3057 802 3113 arbitremur,
849 3057 1026 3113 reliquas
1068 3064 1205 3098 autem
1241 3058 1426 3099 notiones
1466 3058 1520 3099 de
1555 3057 1697 3099 eadem
1738 3072 1841 3100 voce
1887 3071 1912 3097 a
1948 3056 2217 3111 grammaticis
2259 3053 2497 3094 substitutas

993 3200 1019 3224 δ
