2860 3691
1751 4 1753 6 ·
1780 0 1787 7 ¹¹
1805 5 1817 13 υ
1842 0 1854 7 »’
1877 0 1964 14 ’νέκῑιν4

330 469 557 515 Woiflus
546 485 589 514 m
617 470 782 514 lection.
811 466 866 510 de
899 466 1114 521 Homero,
1141 465 1257 509 edit.
1267 463 1344 509 ab
1352 463 1607 514 Unum-1⁸
1613 461 1689 522 f,
1680 475 1740 525 p.
1748 443 1896 520 ¹81.
2262 492 2291 502 ..
2327 464 2332 472 ²

331 540 389 587 ad
412 550 527 587 mare
553 542 758 597 retertur,
786 542 891 601 quia
912 552 937 582 a
964 540 1282 597 nole-collucet,
1305 522 1745 601 alhadtffvffl,
1763 521 1902 603 quoi}
1932 584 1935 587 ,
2238 580 2240 583 ,
2336 558 2347 570 »-

329 615 496 657 vocavit
539 613 819 673 Bacchylides.
903 612 1033 670 Apud
1081 613 1386 652 Anacreontem
1412 610 1687 669 Δροφαω.
1704 612 1797 659 ⁸ss-
1820 600 2077 664 m‘
2306 610 2316 624 ¹

330 699 457 744 quam
485 685 613 725 idem
622 683 796 742 χρυσῆν
821 692 956 724 vocat.
977 685 1061 727 Od.
1096 686 1168 738 57,
1197 687 1262 724 8.’
1294 684 1414 724 Uare
1447 679 1638 737 ἵλεώ
1658 669 2001 734 00th
1998 668 2068 684 Χ
2155 693 2157 695 ’
2220 734 2222 736 ‚

330 766 654 799 consentaneum
678 765 775 798 ent·
763 786 777 810 ,
804 764 993 812 cognata
1020 756 1146 796 dictio
1172 763 1235 796 est
1262 753 1391 808 λευκὴ
1418 748 1676 808 Macco,
1677 750 1805 811 q-t‘fl
1816 748 1978 812 W
2000 756 2021 802 ,⁴
2071 761 2079 767 '
2140 750 2142 753 ”
2184 751 2187 754 ⁴
2214 750 2227 758 ι’
2469 763 2473 768 ’

245 872 249 873 ⁷
328 827 358 883 ἦ
386 826 635 883 κλυζομένη.
692 826 881 871 candem
912 829 986 877 (sic
1007 827 1118 868 enim
1145 839 1292 867 vocem
1321 820 1503 879 γλαυιιός
1526 824 1656 870 hune
1673 820 2301 886 κὸἁκροκῗωωοὼ
2318 799 2503 868 difflui·

329 903 428 943 luna
458 901 566 955 (Cic.
597 900 651 940 de
676 913 722 941 re
747 898 879 955 publ.·
896 897 928 939 1.
957 897 1038 940 ed.
1053 896 1268 940 Heinrich.
1303 913 1347 952 p.
1388 897 1512 952 18.),·
1536 898 1692 942 ferrum
1717 895 1876 953 (Ovid-
1890 893 2006 942 Fuit.
2035 895 2128 953 IV,
2157 895 2300 955 287.,)
2321 895 2468 940 cubo
2524 924 2526 927 .

327 973 444 1026 (Cic.
459 971 511 1013 de
538 970 610 1013 off.
634 969 698 1022 11,
729 968 810 1029 7..)
865 969 953 1014 Cfr.
974 969 1073 1016 val.
1100 968 1238 1011 Flace.
1267 968 1347 1019 111,
1381 967 1476 1023 481.
1531 967 1657 1013 Ovid.
1683 968 1857 1012 Metam.
1863 968 1960 1023 vl,
1989 966 2117 1027 491,
2144 966 2245 1021 435.
2302 966 2469 1014 vitruv.

322 1043 447 1097 vm,
467 1043 508 1089 5.
529 1041 609 1095 lx,
630 1042 674 1096 4.
705 1042 794 1085 Cic.
811 1041 865 1085 de
884 1049 969 1085 nat.
987 1041 1103 1084 deor.
1120 1040 1178 1096 11,
1205 1039 1267 1083 15.
1285 1041 1410 1083 Tusc.
1429 1047 1586 1098 quaest.
1604 1041 1645 1097 1,
1664 1040 2156 1088 28.o‹=u1oenfinmae
2175 1042 2329 1082 caesios
2347 1047 2501 1082 vocat(

277 1133 280 1136 ·
324 1106 470 1158 Cicero
495 1115 561 1171 (de
586 1122 674 1156 nat.
692 1115 809 1156 deor.
830 1116 868 1168 1,
891 1115 958 1154 5ο.
962 1115 993 1168 ),
1023 1113 1204 1169 Neptuni
1233 1120 1377 1153 eontra
1410 1113 1635 1154 caeruleos.
1674 1112 1950 1155 Adamantius
1975 1114 2155 1169 sophista
2173 1112 2467 1169 Physiognom.

322 1187 360 1238 1,
394 1187 435 1230 5.
466 1200 510 1241 p.
544 1186 635 1241 ¹93·
668 1185 736 1225 ed.
765 1184 958 1225 Wechel.
988 1183 1161 1224 Franks.
1198 1182 1322 1239 1587.
1351 1184 1452 1224 dicit
1476 1184 1642 1239 glaucos
1670 1187 1812 1227 oculos
1840 1186 2017 1242 pupillas
2045 1186 2238 1226 minimas
2276 1184 2431 1226 habere
2452 1201 2478 1234 ,‘

322 1265 364 1298 et
391 1272 477 1299 esse
504 1259 691 1298 sicciores
706 1285 719 1309 ,
753 1256 960 1296 caeruleos
978 1263 1116 1295 autem
1135 1256 1314 1308 (κυανοτ)
1333 1254 1550 1309 humidos3
1582 1256 1791 1300 caeruleos
1807 1258 2025 1314 splendore
2042 1271 2183 1300 carere
2208 1254 2478 1309 (α’λαμπεῖς),“

284 1330 287 1333 ’
322 1329 487 1384 glaucos
518 1331 560 1369 in
591 1327 873 1369 albetudinem
900 1328 1076 1368 transire
1107 1321 1481 1383 (ὖπολευκότεροι).
1653 1375 1667 1387 ·

360 1413 364 1418 ’
431 1398 580 1453 ltaque
598 1407 646 1440 ut
662 1413 804 1442 eorum
821 1428 833 1451 ‚
865 1413 974 1454 quae
1002 1399 1325 1454 disputavimus,
1358 1414 1562 1442 summam
1589 1400 1810 1454 faciamus,
1841 1398 2084 1456 intelligitur
2111 1413 2253 1441 vocem
2270 1394 2467 1452 γλαυκός,

321 1481 406 1521 quo
435 1469 566 1522 magis
594 1468 648 1508 ad
677 1471 964 1524 antiquissima
993 1468 1064 1510 illa
1102 1477 1289 1525 tempora
1324 1469 1553 1511 revolvitur
1567 1502 1581 1523 ,
1630 1486 1731 1527 prae
1769 1472 1915 1513 ceteris
1959 1471 2141 1513 indicare
2181 1471 2438 1526 splendorem
2451 1503 2466 1523 ‚

322 1539 601 1595 qualicunque
629 1539 820 1583 flammeo
852 1542 991 1584 colore
1019 1543 1245 1598 insiguem;
1279 1542 1376 1583 inde
1405 1541 1625 1584 deductam
1651 1556 1737 1585 esse
1760 1543 1930 1586 terroris
1960 1544 2200 1595 notionem3
2232 1555 2302 1585 eos
2330 1549 2468 1584 autem

288 1605 296 1610 ’
322 1613 562 1666 scriptores,
598 1614 670 1667 qui
698 1612 840 1654 eadem
869 1628 973 1656 voce
1001 1613 1128 1654 alium
1157 1613 1338 1655 colorem
1366 1616 1451 1656 sive
1478 1616 1654 1656 viridem
1682 1618 1767 1657 sive
1793 1615 2027 1658 caeruleum
2058 1615 2278 1657 indicarint
2294 1645 2306 1668 ,
2337 1615 2467 1670 negli-

321 1690 464 1738 genter
493 1696 581 1723 rem
620 1697 735 1724 suam
774 1686 901 1739 egisse
919 1715 931 1737 ,
974 1686 1087 1740 quod
1127 1687 1355 1741 splendoris
1371 1718 1383 1739 ,
1431 1690 1646 1742 primariae
1673 1687 1863 1730 videlicet
1894 1687 2198 1745 significationis
2213 1717 2225 1740 ,
2271 1689 2312 1728 vi
2356 1694 2466 1742 post·

318 1756 450 1810 posita
478 1754 728 1812 singularem
756 1756 965 1812 quendam
992 1757 1174 1800 colorem
1203 1758 1280 1799 sibi
1311 1758 1530 1801 finxerunt.
2855 1771 2860 1914 1

1266 2105 1343 2153 Ca
1358 2121 1406 2173 p.
1445 2103 1536 2151 111.

437 2276 806 2335 Transgrediamur
836 2276 887 2319 ad
914 2278 1077 2322 tertiam
1109 2284 1269 2335 partem
1298 2277 1612 2336 disquisitionis,
1654 2287 1736 2331 qua
1774 2273 2041 2330 probabimus
2077 2273 2217 2312 oculos
2251 2273 2470 2313 candentes

324 2352 410 2392 sive
438 2349 652 2406 splendore
680 2356 721 2390 et
748 2351 867 2406 igneo
895 2349 1033 2391 colore
1071 2352 1310 2407 conspicuos
1338 2353 1382 2392 in
1413 2350 1644 2393 Minervam
1672 2348 1919 2402 γλαυκῶπιν
1945 2360 2029 2386 non
2064 2346 2196 2385 solum
2234 2347 2435 2400 quadrare
2454 2376 2466 2398 ,

323 2423 396 2463 sed
433 2424 519 2462 eius
549 2428 722 2461 naturae
752 2422 807 2461 ita
833 2436 919 2462 esse
947 2430 1242 2462 consentaneos
1258 2452 1268 2472 ,
1311 2431 1358 2464 ut
1396 2423 1498 2463 tales
1537 2421 1638 2461 deae
1673 2420 1856 2459 tribuere
1894 2420 2016 2458 etiam
2056 2432 2217 2458 necesse
2260 2418 2326 2478 sit.
2380 2418 2471 2458 Etsi

324 2508 422 2534 vera
450 2493 673 2547 multisque
712 2493 906 2546 exemplis
935 2494 1093 2548 egregie
1126 2494 1298 2548 probata
1338 2502 1398 2534 est
1440 2494 1511 2535 illa
1549 2495 1736 2535 virorum
1776 2493 1991 2533 doctorum
2029 2492 2250 2542 sententia,
2298 2491 2470 2531 deorum

324 2574 513 2606 naturam
543 2580 590 2605 ex
623 2567 841 2605 nominum
872 2579 1016 2605 eorum
1045 2565 1289 2606 enodatione
1318 2566 1409 2607 elici
1439 2573 1479 2606 et
1499 2571 1689 2605 accurate
1708 2564 1880 2618 intelligi
1900 2577 2047 2618 posse,
2080 2561 2303 2602 videndum
2333 2568 2470 2602 tamen

325 2645 413 2687 est,
461 2651 513 2675 ne
554 2637 624 2676 illa
669 2637 732 2676 lex
775 2651 860 2676 non
901 2639 1091 2690 usurpari
1129 2640 1254 2692 possit
1296 2639 1339 2678 in
1383 2639 1575 2679 omnibus
1613 2637 1812 2678 eiusmodi
1852 2634 2216 2690 disquisitionibus.
2293 2633 2471 2674 Nomina

324 2710 499 2748 deorum
530 2709 695 2762 propria
722 2710 808 2749 sive
840 2711 1038 2762 primaria
1056 2741 1067 2760 ,
1098 2726 1201 2764 quae
1228 2727 1372 2766 graeca
1405 2719 1500 2752 sunt
1530 2709 1668 2762 Iovis,
1713 2707 1918 2763 Neptuni,
1963 2705 2198 2763 Apollinis,
2234 2705 2469 2759 Minervae,

328 2780 532 2831 aliorum,
563 2794 668 2834 quos
696 2780 772 2819 diis
801 2781 1006 2820 maiorum
1035 2783 1215 2835 gentium
1247 2782 1546 2834 adnumerant,
1577 2781 1677 2836 quin
1705 2780 1786 2822 hac
1810 2781 1878 2821 via
1909 2778 2102 2834 explicari
2129 2776 2285 2833 possint
2302 2806 2313 2826 ,
2345 2774 2471 2817 vehe-

321 2861 481 2893 menter
511 2851 685 2900 dubito,
718 2852 829 2905 quod
846 2884 857 2904 ,
888 2868 984 2892 cum
1013 2856 1160 2907 partim
1189 2853 1241 2895 ad
1269 2854 1478 2910 religionis
1512 2855 1766 2895 Graecorum
1806 2850 2054 2894 incunabula
2086 2847 2280 2900 redeant,
2320 2846 2471 2903 partim

321 2925 425 2965 adeo
454 2932 566 2965 extra
596 2924 696 2965 fines
730 2938 898 2980 graecae
927 2923 1089 2981 linguae
1116 2928 1245 2981 posita
1274 2926 1413 2974 multis
1444 2924 1605 2983 populis
1635 2925 1868 2966 communia
1897 2925 2002 2973 sint,
2043 2919 2241 2974 originem
2276 2932 2323 2959 ex
2363 2920 2470 2959 anti-

320 2997 526 3052 quissimis
568 2995 664 3036 inde
707 2996 963 3050 temporibus
1003 2997 1151 3039 ducere
1190 3006 1229 3039 ct
1279 3013 1324 3039 ex
1364 3000 1507 3040 eodem
1554 3000 1669 3054 quasi
1708 2999 1819 3039 sonte
1856 3010 1951 3037 cum
1996 2995 2083 3048 ipsa
2119 2990 2262 3047 lingua
2299 2997 2397 3032 nata
2430 2996 2472 3029 et
